2232 3568
375 425 397 457 §.
409 426 433 451 5.

373 692 397 723 §.
409 693 434 719 6.

385 2840 442 2872 §.L

449 232 471 277 1
483 231 544 277 50
592 239 708 272 LXII.
735 245 892 270 nmium
910 246 958 269 AD
975 247 1124 268 Pmcxn.
1143 247 1200 270 ΕΡ.
1218 242 1403 269 D.‘.²1.AVG.
1417 241 1494 275 1:217.
1520 236 1656 268 LXIII.
1676 246 1812 269 ERAsm
1831 247 1879 269 An
1897 247 2078 273 imvmmn.
2094 236 2159 281 ἦν

447 357 512 392 bus
545 355 610 389 hoc
641 356 836 400 praestetur
866 349 1046 390 beneficii,
1079 350 1140 386 sed
1171 351 1267 397 quod
1298 356 1467 388 nostrum
1498 356 1554 387 est
1583 350 1736 399 publicae
1756 351 1958 389 studiorum
1978 342 2163 398 honest*
2210 368 2211 371 ¹

448 409 653 448 consulere,
696 418 801 454 quain
839 406 897 441 isti
931 405 1061 441 talibus
1092 405 1231 442 lusibus
1263 406 1408 454 indigne
1445 407 1701 443 contaminant.
1760 408 1874 444 Porro
1906 409 2002 456 quod
2030 410 2075 447 ad
2099 401 2165 457 a

449 466 624 514 pertinet,
649 454 730 498 ‘scio
761 462 937 498 neminem
969 462 1046 497 sore
1078 462 1138 509 qui
1169 474 1226 498 me
1256 463 1371 503 norit,
1413 463 1498 511 quin
1529 463 1617 499 satis
1648 462 1828 510 intelligat
1859 464 2060 502 istiusmodi

449 522 526 557 nias
565 519 648 555 inihi
687 530 796 566 supra
835 518 978 553 moduni
1016 517 1262 566 displicuisse,
1303 519 1435 567 quippe
1466 519 1630 566 indignas
1660 519 1811 555 eruditis
1841 531 1882 556 ac
1909 520 2034 568 probis
2086 521 2093 529 ”
2124 552 2126 555 .
2155 562 2165 571 ⁴

450 576 575 613 Iacobo
608 574 783 610 Hornensi
814 573 961 609 inultam
993 585 1033 609 ex
1064 586 1120 610 nie
1150 574 1303 610 salutem
1333 575 1462 615 dicito,
1500 575 1601 611 cuius
1641 575 1795 623 epistola
1830 575 1899 612 dici
1936 587 2008 612 non
2038 588 2084 625 po

451 637 673 680 quantopere
704 631 778 665 sim·
800 629 1010 666 delectatus.
1067 630 1113 666 ne
1143 631 1344 678 composita
1374 631 1437 667 lite
1469 631 1696 668 Reuchlinica
1725 632 1862 668 utinam
1891 643 1972 668 vera
2002 633 2106 670 nun'
2155 657 2160 677 2
2211 659 2218 670 ,

449 687 634 724 Nune-iavit
664 686 749 722 inihi
781 686 921 734 quidam
943 686 1196 722 Alcinariensis
1227 692 1262 722 te
1292 686 1424 723 alteras
1455 687 1498 723 ad
1528 700 1594 723 nos
1624 688 1765 724 dedisse
1786 688 1930 729 literas,
1961 688 2134 726 ν111·11111«ιλ
2167 685 2172 692 “

447 743 605 779 nonduin
635 742 767 790 accepi.
828 742 921 778 Bene
951 742 1046 783 vale,
1078 743 1286 779 doctissime
1317 744 1458 779 Caesari.
1518 744 1739 792 Antwerpiae
1768 744 1944 792 postridie
1973 754 2134 782 assum
2212 764 2221 797 '.'

446 799 607 847 virginis.
666 799 768 835 Anno
799 799 842 834 M.
861 809 1008 835 ccccc.
1026 798 1105 845 xvij.
2133 802 2140 811 ³

469 1008 688 1030 BAMBERGAE.
1218 986 1380 1034 LXII.
1736 987 1741 989 ‚
1894 1003 1939 1029 2¹.
1957 1007 2042 1031 Avo.
2062 1003 2160 1033 mr

757 1099 1048 1152 [LAVRENTIVS
1077 1101 1239 1138 ΒΕΗΑΙΜ
1268 1101 1507 1138 CANONICVS
1536 1102 1862 1139 BAMBERGENSIS

933 1166 1200 1199 BILIBALDO
1225 1165 1615 1210 PIRCKHEIMERO]
1643 1166 1679 1199 S.

558 1247 719 1283 Intellexi
742 1259 783 1283 ex
805 1247 896 1288 tuis,
928 1247 1124 1283 amicorum
1145 1247 1349 1284 dulcissime
1371 1248 1677 1296 amicissimeque,
1708 1248 1821 1285 inulta
1841 1259 1958 1291 nova,-
1981 1261 2060 1297 quae
2087 1224 2175 1300 qui
2215 1254 2218 1257 ’

446 1305 525 1340 dein
548 1304 665 1340 oninia
687 1303 771 1340 illuc
792 1304 963 1343 tendunt,
984 1309 1025 1339 ut
1046 1303 1184 1339 nullum
1204 1315 1284 1340 meo
1306 1304 1435 1341 iudicio
1465 1315 1588 1352 pacem
1618 1305 1836 1353 portendant
1841 1333 2035 1341 .......
2065 1305 2121 1343 Sal
2162 1322 2167 1327 ·

450 1360 516 1396 tavi
538 1360 720 1395 dominum
742 1359 956 1400 Huttenuni,
990 1371 1049 1407 qui
1073 1365 1108 1396 et
1131 1364 1165 1396 te
1186 1360 1372 1396 resalutat.
1402 1360 1559 1397 confecit
1580 1361 1674 1397 intra
1695 1372 1828 1410 paucos
1850 1362 1925 1398 dies
1947 1367 1983 1399 et
2004 1373 2092 1411 quar
2112 1358 2135 1404 ⁶,
2174 1359 2178 1364 ’
2213 1365 2221 1413 J

447 1422 572 1453 contra
603 1417 729 1452 ducem
759 1415 1118 1463 Wirtenbergensem
1157 1416 1385 1461 invectivam,
1424 1422 1462 1453 et
1499 1417 1642 1465 quidem
1681 1429 1808 1454 aerem.
1870 1418 1973 1454 Suasi
2013 1422 2054 1455 ut
2081 1426 2111 1468 p'
2178 1412 2186 1442 ’-

448 1472 729 1521 publicationem
759 1473 836 1508 cius
867 1484 906 1508 se
937 1472 1029 1508 bene
1059 1478 1100 1509 ut
1129 1473 1640 1522 circumspectus.custodiat,
1681 1485 1726 1509 nc
1765 1473 1833 1510 sibi
1873 1474 1970 1523 quod
2007 1464 2171 1520 etflioffl

449 1529 548 1569 roni,
591 1529 688 1576 quod
718 1528 830 1569 absit,
863 1529 1051 1576 contingat
1055 1557 1344 1565 ..........
1368 1528 1404 1565 Si
1435 1530 1600 1566 dominus
1631 1530 1763 1578 Caspar
1791 1530 1906 1572 Wirt,
1938 1535 2057 1568 vester
2215 1568 2216 1571 ,

447 1585 570 1626 dicus,
603 1585 664 1632 qui
695 1590 752 1621 est
782 1584 835 1621 vel
865 1585 934 1621 fuit
955 1585 1147 1633 Augustae,
1180 1585 1274 1622 istuc
1303 1586 1458 1626 venerit,
1491 1597 1560 1634 ego
1592 1597 1755 1634 quoque,
1787 1586 1872 1623 lieet
1890 1587 1991 1624 valde
2010 1586 2136 1628 indis=.
2215 1628 2219 1635 ,

449 1642 558 1682 situs,
597 1641 640 1676 ad
677 1652 740 1677 vos
777 1641 987 1678 convolabo.
1046 1641 1130 1677 Dedi
1168 1641 1313 1679 domino
1344 1642 1467 1678 Ioanni
1505 1642 1662 1679 Schener
1699 1643 1908 1680 fasciculum
1945 1654 2060 1680 suum.
2117 1661 2128 1675 ιν
2156 1639 2172 1683 ζζ
2210 1655 2219 1690 2

448 1697 538 1733 male
568 1702 779 1738 contentus,
821 1698 917 1746 quod
947 1709 1020 1734 non
1051 1703 1107 1734 est
1137 1697 1351 1746 impressum
1382 1698 1487 1735 modo
1519 1710 1604 1740 suo,
1644 1699 1707 1735 sed
1746 1700 1823 1748 ipse
1854 1699 1929 1742 tibi⁴
1949 1699 2080 1737 scribet
2114 1717 2138 1738 1.

448 1755 583 1790 sectum
615 1765 730 1790 suuni.
789 1753 938 1790 Domino
960 1754 1120 1790 I‘Iutteno
1150 1755 1232 1790 dedi
1262 1754 1385 1791 literas
1416 1766 1516 1796 suas,
1550 1756 1610 1803 qui
1640 1755 1762 1804 paullo
1793 1761 1878 1804 post
1906 1756 2014 1793 rediit
2041 1755 2084 1793 ad
2114 1761 2134 1787 1?

449 1815 486 1845 et
515 1810 613 1845 dedit
642 1810 728 1846 inibi
767 1810 954 1858 legendam
993 1810 1088 1847 illam
1119 1811 1324 1852 materiam,
1368 1816 1404 1847 et
1445 1811 1541 1847 visus
1582 1817 1638 1848 est
1674 1812 1760 1847 mihi
1790 1824 1864 1848 non
1894 1812 2045 1849 multum
2090 1817 2133 1844 ι’-ὒ

450 1866 555 1906 bare,
603 1866 685 1914 quia
721 1866 828 1906 dixit,
875 1867 971 1914 quod
1008 1867 1055 1902 sit
1093 1867 1185 1903 bene
1225 1867 1498 1908 advertendum,
1546 1879 1592 1904 ne
1631 1869 1716 1916 quid
1747 1868 1874 1905 edatur
1912 1868 2008 1917 quod
2043 1880 2077 1917 p

449 1922 626 1958 conducat
656 1923 785 1958 honori
816 1929 853 1959 et
883 1923 1060 1959 maiestati
1093 1923 1299 1964 Reuchlini,
1331 1929 1441 1971 prout
1471 1935 1510 1959 sc
1542 1924 1605 1959 tibi
1637 1925 1856 1972 scripturum
1886 1924 2069 1973 pollicitus
2104 1940 2191 1976 ‹'

450 1979 519 2014 Sed
557 1990 625 2026 ego
664 1978 841 2020 arbitror,
888 1980 984 2027 quod
1024 1979 1103 2016 ideo
1141 1991 1215 2016 non
1254 1979 1339 2016 velit
1377 1980 1473 2028 quod
1511 1980 1655 2022 edatur,
1706 1981 1788 2029 quia
1827 1981 2035 2029 cognoscit,
2080 1976 2135 2013 ι”

451 2034 557 2070 etiam
596 2034 654 2070 alii
695 2035 833 2070 valeant
863 2047 905 2072 eo
945 2035 1090 2083 ingenio
1121 2035 1176 2072 vel
1207 2036 1291 2072 stilo
1325 2048 1396 2084 quo
1427 2037 1504 2084 ipse
1536 2048 1621 2072 usus
1652 2042 1708 2073 est
1738 2038 1773 2073 111
1805 2037 1969 2086 epistolis
2000 2037 2109 2074 obse..
2210 2074 2215 2079 ,,

451 2102 548 2126 rum:
588 2091 728 2126 videtur
766 2092 858 2127 enini
896 2091 1011 2139 palan]
1050 2103 1123 2128 non
1160 2103 1292 2139 negare
1333 2104 1370 2129 se
1410 2092 1488 2129 illas
1529 2093 1701 2141 epistolas
1739 2094 1910 2135 edidisse,
1951 2099 1988 2130 et
2219 2112 2221 2118 v

451 2202 651 2239 subornare
681 2209 851 2252 possent,
884 2204 1044 2252 quamvis
1076 2204 1149 2240 sint
1178 2205 1358 2253 pharisaei.
1390 2205 1485 2242 Vale.

868 2325 983 2357 LXII.
1009 2325 1215 2357 Heumann.
1242 2324 1333 2366 (Iud.
1352 2325 1440 2358 bibl.
1459 2325 1509 2357 n⁰.
1528 2325 1597 2367 70.)
1615 2338 1649 2368 p.
1669 2326 1746 2358 257.

2146 2295 2163 2315 ί.

1215 2526 1405 2575 LXIII.
1901 2547 1948 2573 2⁵.
1965 2544 2080 2574 m...
2141 2510 2165 2539 ³·

574 2692 578 2696 η
1208 2642 1410 2680 ERAsts
2110 2538 2165 2753 ξ

704 2705 995 2739 CLARISSIMO
1023 2706 1196 2740 COMITI
1219 2709 1265 2740 D.
1291 2708 1562 2742 HERMANNO
1587 2709 1803 2743 NEAETIO
1829 2709 1918 2743 SVO
2119 2743 2121 2745 ,

1263 2764 1298 2796 S.
1317 2766 1362 2797 D.

569 2831 642 2867 Scit
681 2837 758 2868 tota
796 2832 967 2869 sodalitas
997 2832 1204 2870 Basiliensis
1241 2835 1327 2870 inihi
1365 2846 1508 2883 semper
1537 2835 1765 2884 displicuisse
1794 2835 1972 2884 Epistolas
2002 2845 2087 2883 quas
2113 2832 2163 2878 Ψ
2220 2855 2223 2858 >

458 2887 680 2935 scripserunt
701 2887 943 2925 Obscurorum
973 2889 1152 2932 virorum,
1183 2902 1256 2927 non
1288 2892 1383 2939 quod
1414 2891 1627 2929 abhorream
1657 2904 1676 2928 a
1698 2892 1834 2928 festivis
1854 2892 1962 2933 iocis,
1993 2890 2054 2928 sed
2072 2882 2163 2939 qua
2216 2915 2218 2917 >

570 3007 705 3039 LXIII.
730 3008 874 3040 Erasini
891 3010 982 3052 Epp.
1002 3009 1094 3050 (Ind.
1111 3010 1200 3042 bibl.
1217 3011 1266 3044 11⁰.
1279 3011 1381 3052 53‚5.)
1398 3012 1563 3055 Append.
1581 2988 1675 3044 num.
1696 3023 1851 3045 CLXVIII.
1871 3011 1940 3044 col.
1960 3010 2054 3044 1626.
2091 3013 2159 3051 ..h
2211 3005 2221 3039 f·

2130 3070 2137 3087 d

546 3094 555 3114 ¹
581 3095 799 3128 beneficium
818 3099 849 3129 2.
922 3098 935 3118 ⁶
952 3102 1052 3131 nunt.
1071 3101 1105 3131 2.
1175 3099 1189 3120 θ
1213 3100 1416 3144 Antuerpia
1443 3100 1494 3134 16.
1513 3101 1686 3144 Augusti,
1713 3101 1816 3134 Anno
1837 3100 1933 3133 1517.
1952 3102 1985 3133 2.
