2232 3568
428 206 457 250 4
881 218 909 249 Ι.
937 228 975 250 m
1000 230 1175 252 nonnum
1199 231 1344 256 nnssvn
1368 235 1519 268 num-122,
1536 238 1577 267 „A.
1597 235 1674 262 1506.

646 338 679 362 24
806 326 932 365 Manat
961 329 1009 367 ab
1038 330 1193 381 ingenio
1225 335 1334 384 copia
1364 337 1444 376 viva
1477 343 1560 378 tuo:

708 391 896 443 Quicquid
927 407 1014 434 aves
1044 398 1198 448 scriptis
1227 406 1412 441 venturos
1441 406 1542 445 scire
1572 415 1744 460 nepotes,

798 458 880 498 Hoc
909 467 1020 510 potes
1050 466 1195 504 ornatis
1226 468 1441 510 excoluisse
1471 474 1607 514 modis.

705 523 797 568 Quae
827 531 964 566 natura
995 529 1116 576 dedit,
1149 533 1330 575 studiosae
1361 541 1534 579 conseris
1564 545 1649 588 arti,

640 603 673 628 2³
801 592 880 631 Nec
910 595 1104 636 maculant
1132 612 1268 640 versus
1297 602 1463 644 barbara
1494 609 1610 648 verba
1643 615 1739 650 tuos.

701 656 804 696 Talis
835 666 918 698 erat
947 661 1137 715 Phrygios
1167 668 1232 718 qui
1262 671 1433 711 condidit
1463 674 1560 714 urbe
1588 684 1762 727 penates,

795 725 843 764 Et
871 728 971 768 male
1002 730 1212 773 Sarmatica
1244 736 1344 776 Naso
1375 741 1550 791 sepultus
1579 744 1712 791 humo,

699 790 815 831 Cuius
846 798 883 833 et
913 799 1063 836 ornav-it
1092 800 1268 842 Nemesis
1296 804 1450 846 laudata
1479 808 1653 858 libellos,

635 868 667 894 32
795 859 946 913 Quique
978 864 1083 905 dedit
1113 870 1260 909 varium
1290 871 1533 916 Bilbilitanus
1563 891 1672 929 opus.

697 924 799 965 Talis
829 927 956 969 adhuc
983 932 1131 974 iuvenis
1162 949 1251 977 011111
1282 940 1333 979 515
1362 943 1576 996 primisque
1606 947 1679 986 sub
1710 951 1831 995 annis,

791 993 960 1037 Ventura
990 1005 1048 1039 est
1077 1002 1178 1042 facto
1210 1005 1330 1056 gloria
1362 1013 1504 1060 quanta
1536 1013 1628 1053 viro.

696 1059 784 1099 Vive
814 1074 967 1103 memor
996 1070 1138 1115 nostri,
1171 1073 1236 1122 qui
1266 1079 1304 1113 te
1335 1075 1550 1128 delegimus
1581 1094 1714 1128 111111111,

629 1137 663 1162 36
793 1129 927 1182 Sitque
957 1146 1089 1175 eomes
1119 1139 1273 1190 scriptis
1302 1154 1458 1194 semper
1487 1147 1624 1197 Apollo
1655 1151 1741 1188 tuis.

1159 1288 1376 1328 EOBANI‘

817 1357 910 1389 GRA
919 1358 1036 1392 TIAR
1042 1362 1118 1394 VM
1137 1364 1170 1395 A
1177 1364 1286 1398 OTIO
1309 1367 1379 1399 EX
1386 1357 1614 1405 TEMPORA
1619 1374 1676 1406 LI
1675 1374 1712 1406 S.

689 1433 798 1482 Erqo
827 1439 915 1475 vale
941 1441 1099 1488 lonyum
1129 1448 1296 1494 superis,
1330 1447 1511 1499 Eumene,
1540 1455 1737 1515 secundis,

787 1502 1007 1545 catholicus
1030 1506 1151 1550 menti
1177 1515 1304 1562 spirel
1327 1516 1465 1564 Apollo
1491 1523 1581 1558 luce.

686 1569 826 1618 Peryis
854 1573 1009 1622 abhinc,
1038 1581 1106 1615 tua
1135 1583 1171 1617 le
1200 1587 1385 1630 expectat
1401 1585 1682 1634 Francfordia
1701 1596 1850 1631 vatem.-

637 1646 652 1670 4
779 1638 994 1681 Dimidium
1021 1648 1148 1684 nostri
1175 1652 1211 1686 te
1237 1648 1417 1697 fuyienle
1438 1652 1572 1701 fugit:

686 1704 847 1744 Aemula
877 1708 1046 1759 Nasoni,
1078 1715 1199 1752 viridi
1227 1718 1424 1765 siynande
1453 1732 1612 1772 corona,

779 1773 832 1812 Et
858 1777 967 1815 tilulo
997 1781 1127 1819 multis
1154 1783 1354 1833 nobiliore,
1396 1787 1518 1827 Vale!

491 1891 572 1924 Post
610 1895 858 1936 inscriptionem
889 1902 922 1931 in
953 1902 1030 1942 ipsa
1056 1906 1168 1945 prima
1198 1907 1277 1939 libr-z·
1299 1908 1452 1949 (Indicis
1484 1922 1518 1944 n.
1544 1914 1590 1956 Ι.)
1611 1919 1741 1957 payina
1772 1920 1926 1960 leguntur
1955 1923 1991 1952 Ιιί
2023 1922 2117 1956 Croti

395 1946 538 1979 Rubiani
559 1948 747 1990 (Iohannis
764 1953 893 1996 Iaeger,
919 1957 1247 2004 Dornheimensis),
1273 1968 1338 1996 tum
1355 1968 1496 1999 nondum
1517 1969 1568 2001 his
1584 1973 1765 2005 nominibus
1781 1978 1953 2016 appellati,
1978 1989 2114 2012 versus:

907 2023 1064 2059 Ioannes
1087 2028 1287 2063 Dornheim
1310 2033 1531 2068 Venatorius

1089 2085 1146 2117 Ad
1168 2087 1363 2120 Lectorem

661 2131 786 2164 Pallas
813 2138 892 2167 erat
917 2138 1096 2178 quondam
1121 2142 1245 2175 multis
1269 2147 1495 2180 venerabilis
1521 2150 1594 2182 oris

751 2189 865 2232 Qu0q3
891 2191 995 2225 stetit
1019 2198 1160 2229 tantum
1184 2209 1256 2231 non
1280 2201 1382 2234 locus
1407 2214 1498 2236 vnus
1524 2211 1603 2238 erat

660 2243 806 2285 Inclyta
831 2247 1031 2292 Caecropiis
1055 2255 1181 2294 precio
1205 2256 1370 2297 pollebat
1392 2260 1547 2293 Athenis

749 2302 801 2333 Ac
826 2303 978 2337 Rhodon
1003 2308 1158 2341 incoluit
1182 2312 1320 2345 Phoebe
1348 2315 1488 2348 eomose
1514 2322 1613 2350 tuam

660 2355 767 2389 Vrbis
791 2359 991 2393 Alexandri
1015 2367 1226 2398 veneranda
1250 2357 1399 2411 palacia
1426 2373 1527 2405 ciues

748 2414 818 2446 Pro
844 2415 982 2459 Sophia
1007 2420 1135 2453 doctas
1161 2423 1382 2459 constituere
1408 2428 1531 2462 domos

657 2468 835 2512 Tempore
860 2482 955 2505 nunc
982 2476 1093 2509 etiam
1117 2489 1189 2511 11011
1215 2479 1268 2512 est
1291 2482 1455 2525 Ingloria
1479 2485 1600 2519 nostro

746 2526 795 2557 Et
818 2530 919 2560 tenet
942 2531 1150 2567 innumeros
1173 2537 1272 2569 Diua
1296 2538 1431 2572 diserta
1456 2541 1555 2574 locos

657 2580 855 2625 Thurignae
881 2589 1004 2627 gentis
1031 2594 1141 2632 caput
1167 2591 1220 2624 est
1244 2594 1450 2637 Erphordia
1475 2597 1581 2631 testis

747 2639 836 2678 Quae
862 2642 989 2675 valeat
1013 2650 1158 2679 veteres
1183 2651 1413 2693 aequiparare
1439 2653 1592 2687 Scholas

656 2692 746 2724 Haec
772 2695 900 2729 nitidis
924 2697 1041 2732 lector
1066 2704 1211 2735 canitur
1236 2707 1303 2738 tibi
1328 2706 1493 2740 versibus
1517 2710 1623 2743 Hel'si

747 2750 816 2790 Qui
840 2763 931 2794 puer
956 2755 1009 2788 est
1035 2760 1139 2791 annis
1166 2760 1346 2795 Carminis
1372 2769 1450 2796 arte
1477 2764 1585 2798 senex

478 2832 648 2868 Eobanus
675 2848 754 2871 cum
777 2841 916 2884 Lipsiae
941 2856 1064 2880 mense
1090 2849 1195 2882 Iunio
1221 2862 1253 2884 a.
1277 2852 1373 2885 1514.
1393 2855 1575 2889 Heroidas
1599 2858 1829 2893 Christianas
1855 2863 1997 2905 ederet,
2024 2865 2099 2897 iam

391 2887 510 2925 paullo
535 2892 672 2924 maiora
697 2895 741 2926 de
766 2897 929 2932 Hutteno
954 2912 1036 2944 5110,
1071 2910 1158 2947 puto
1184 2908 1229 2939 ad
1256 2909 1493 2949 Querelarum
1519 2914 1566 2945 II.
1588 2914 1680 2957 eleg.
1705 2915 1754 2948 10.
1784 2918 1854 2949 ‘Ad
1873 2925 1996 2960 poetas·
2014 2922 2097 2954 Ger-

477 3008 506 3029 ²⁰
531 3013 704 3047 exoluisse
730 3028 754 3049 1.
781 3025 900 3059 (reieci
922 3027 1136 3070 exsolvisse)

1228 3030 1257 3051 2²³
1281 3034 1302 3063 i.
1321 3044 1350 3064 e.
1375 3035 1544 3076 Vergilius
1613 3036 1642 3058 ³⁰
1667 3037 1810 3072 Ovidius.
1881 3041 1907 3061 ³¹
1939 3043 2097 3077 Tibullus.

389 3061 418 3082 ³²
444 3064 624 3099 illartialis.
694 3071 722 3091 ³⁸
747 3074 906 3110 Venturo
932 3090 955 3111 1.

1026 3082 1054 3101 ¹5
1071 3094 1285 3118 GRACIARVM
1313 3099 1337 3120 1.
