2232 3568
444 203 542 251 280
643 209 785 244 CXXX.
811 218 949 242 ERASMl
966 217 1050 262 301³.
1069 217 1117 240 AD
1135 218 1244 240 nvw.
1264 217 1311 240 m:
1329 217 1455 241 'mmm
1472 217 1572 241 nono
1589 217 1646 241 ΕΡ.
1665 217 1701 242 n.
1716 213 1763 242 23.
1781 219 1857 242 1vL.
1879 214 1955 243 1519.

367 332 390 367 ς.
401 333 426 362 9.
438 327 642 365 senectute.
698 321 898 358 Neminem
931 320 1063 358 adhuc
1097 320 1179 358 vidi
1209 321 1336 359 minus
1373 331 1565 359 morosum
1602 322 1643 359 in
1670 322 1822 360 delectu
1852 323 2039 368 ciborum.
2098 327 2153 366 ad
2202 337 2206 341 ’

440 391 644 430 iuuenilem
682 398 803 434 usque
842 392 994 433 aetatem
1032 398 1149 435 aquoe
1180 393 1279 435 potu
1316 389 1530 426 delectatus
1563 395 1619 426 est
1629 403 1643 433 ‚·
1686 390 1730 427 id
1765 391 1825 427 illi
1852 391 2031 438 patrium
2062 391 2151 439 suit.

444 467 578 495 verum
607 455 683 492 hac
713 455 754 491 in
782 464 826 491 re
851 465 900 491 ne
927 455 994 491 eui
1016 457 1197 493 molestus
1225 460 1339 502 esset,
1376 455 1547 502 fallebat
1573 457 1755 494 convivas
1781 468 1803 494 e
1830 461 1992 496 stanneo
2017 462 2152 507 poculo

441 524 647 563 cervisiam
674 521 815 566 bibens,
837 531 1000 568 eamque
1030 532 1146 569 aquoe
1167 523 1416 570 proximam,
1444 522 1678 570 frequenter
1707 534 1852 571 aquam
1876 521 2035 563 meram.
2085 527 2152 566 Va·-

442 601 546 636 num,
575 589 759 637 quoniam
782 588 864 625 illic
890 599 971 625 mos
996 593 1053 626 est
1080 590 1137 626 ad
1163 590 1266 627 idem
1291 592 1475 638 poculum
1503 591 1667 627 vicissim
1693 591 1860 628 invitare
1883 602 1983 638 sese,
2012 602 2152 634 summo

442 669 510 696 ore
536 665 817 702 nonnunquam
853 655 1019 702 libabat,
1059 667 1108 694 ne
1141 668 1308 705 prorsus
1347 657 1562 695 abhorrere
1598 653 1815 704 uideretur,
1851 659 1967 696 simul
2002 662 2044 696 ut
2077 661 2154 709 ipse

354 726 429 759 §.¹0·
444 723 708 763 communibus
731 722 847 759 rebus
875 728 1126 761 assuesceret.
1178 724 1368 762 carnibus
1398 724 1566 771 bubulis,
1597 726 1862 771 salsamentis,
1885 736 1995 773 pane
2017 736 2154 777 seem

445 792 561 830 dario
585 802 634 829 ac
662 790 906 828 vehementer
937 790 1178 837 fermentato
1213 791 1395 829 libentius
1433 792 1659 830 vescebatur
1692 802 1810 839 quam
1847 792 1908 830 his
1939 793 2032 831 cibis
2067 790 2155 842 qnos

444 860 585 906 vulqus
613 857 730 895 habet
753 859 793 894 in
826 858 995 904 deliciis,
1027 860 1176 906 alioqui
1201 860 1426 906 neutiquam
1451 860 1668 897 abhorrens
1697 859 1746 896 ab
1775 859 1949 898 omnibus
1975 871 2062 908 quoe
2089 871 2155 900 vo-

445 928 633 974 luptatem
662 925 866 962 innoxiam
893 924 1086 972 adferunt
1114 927 1230 964 etiam
1261 928 1443 974 corpori:
1485 927 1742 965 lactariorum
1771 930 1809 963 et
1835 936 1968 964 eorum
1993 926 2154 973 foetum

449 994 517 1041 qui
540 997 759 1030 nascuntur
785 994 824 1029 in
855 993 1079 1039 arboribus,
1109 1004 1263 1041 semper
1288 993 1372 1040 fuit
1399 996 1664 1042 appetentior:
1705 1004 1812 1031 esum
1837 1004 1995 1031 ovorum
2019 995 2060 1032 in
2075 995 2156 1038 de-

358 1065 434 1097 §.11.
449 1061 550 1098 liciis
579 1059 705 1097 lzabet.
777 1060 862 1097 Vox
891 1071 1016 1108 neque
1045 1061 1218 1107 qrandis
1247 1065 1305 1098 est
1331 1072 1404 1099 nec
1434 1062 1644 1099 admodum
1673 1063 1811 1107 exilis,
1840 1061 1912 1098 sed
1933 1071 2021 1108 quoe
2039 1060 2158 1113 faede
2230 1096 2232 1098 .

442 1130 624 1175 penetret
657 1136 795 1171 aures,
834 1127 933 1164 nibil
967 1127 1113 1165 liabens
1151 1138 1341 1165 canorum
1369 1139 1418 1166 ac
1447 1130 1579 1178 molle,
1618 1129 1689 1166 sed
1716 1130 1843 1176 plane
1871 1129 2060 1176 loquentis
2085 1133 2158 1169 est:
2193 1156 2195 1162 -
2224 1156 2226 1158 v

448 1204 542 1231 nam
572 1193 629 1230 ad
655 1194 844 1230 musicam
874 1195 1045 1231 vocalem
1075 1205 1100 1231 a
1130 1199 1277 1232 natura
1305 1205 1382 1232 non
1419 1196 1572 1233 videtur
1609 1206 1691 1233 esse
1729 1196 1979 1242 compositus,
2015 1196 2160 1243 etiamsi
2219 1206 2222 1212 ·

450 1262 667 1298 delectatur
687 1261 793 1297 omni
810 1262 975 1298 musices
996 1271 1154 1307 qenere.
1197 1261 1355 1309 Linque
1378 1263 1475 1299 mire
1495 1264 1714 1310 explanata
1735 1263 2041 1310 maculataque,
2067 1262 2161 1302 nituit

360 1327 598 1366 §.12.ltabens
625 1337 697 1364 nec
729 1337 915 1375 praeceps
943 1339 1015 1366 nec
1043 1328 1242 1366 lzoesitans.
1304 1328 1416 1366 Cultu
1454 1330 1627 1376 simplici
1657 1330 1894 1376 delectatur,
1928 1340 2000 1368 nec
2033 1330 2160 1369 serias

443 1405 682 1443 purpurave
714 1398 784 1431 aut
819 1397 969 1433 catenis
1005 1397 1139 1433 aur-eis
1177 1397 1315 1442 utitur,
1355 1397 1434 1434 nisi
1465 1407 1554 1434 cum
1589 1397 1782 1442 inteqrum
1813 1406 1889 1434 non
1917 1399 1974 1434 est
2002 1406 2159 1443 ponere.

449 1463 566 1500 Dictu
603 1462 745 1498 mirum
781 1472 898 1508 quam
935 1464 1136 1510 rzeqliqeizs
1169 1464 1219 1500 sit
1253 1464 1584 1510 ceremoniarum,
1621 1464 1760 1511 quibus
1798 1464 1995 1501 hominum
2027 1465 2160 1512 vulqus

451 1530 619 1566 (estimat
645 1539 796 1566 morum
824 1530 1068 1567 civilitatem:
1111 1531 1184 1567 lias
1213 1535 1256 1568 ut
1282 1541 1307 1568 a
1341 1532 1493 1568 nemine
1527 1532 1670 1578 exiqit,
1714 1532 1769 1568 ita
1807 1532 1897 1568 aliis
1934 1540 2011 1568 non
2047 1531 2161 1570 anm
2201 1552 2212 1559 ·-

447 1601 647 1644 proestat,
665 1607 737 1633 nec
766 1597 806 1633 in
834 1598 1108 1644 conqressibus
1137 1609 1209 1635 nec
1236 1600 1274 1635 in
1302 1599 1504 1644 conviviis,
1529 1599 1619 1635 licet
1646 1598 1789 1635 harum
1820 1608 1895 1635 non
1920 1599 1971 1635 sit
1991 1599 2160 1646 mnam,

451 1665 488 1701 si
514 1664 646 1701 lubeat
670 1664 748 1700 uti:
795 1664 868 1701 sed
893 1665 1080 1702 muliebre
1107 1669 1222 1712 putat
1255 1667 1412 1712 viroque
1443 1665 1649 1712 indiqnum
1685 1665 1877 1702 eiusmodi
1911 1665 2065 1712 ineptiis
2096 1664 2162 1704 bo-

361 1736 546 1768 §.13.nam
575 1732 758 1779 temporis
780 1736 939 1778 partem
968 1732 1184 1770 absumere.
1243 1733 1301 1769 Ab
1331 1734 1426 1769 (tuta
1443 1734 1750 1780 principumque
1774 1724 2053 1778 familiaritate
2079 1732 2164 1773 olim

449 1797 530 1844 suit
559 1799 746 1844 alienior,
786 1799 892 1845 quod
919 1800 980 1836 illi
1006 1810 1160 1847 semper
1184 1801 1446 1848 peculiariter
1476 1800 1601 1836 invisa
1637 1799 1768 1846 suerit
1794 1800 1992 1848 tyrannis,
2031 1808 2158 1850 quein-

453 1865 664 1902 admodum
695 1867 902 1913 oequalitas
927 1867 1180 1913 qrate'ssima.·
1221 1868 1286 1904 ricc
1317 1871 1445 1903 autem
1475 1868 1655 1913 reperias
1683 1868 1803 1904 ullam
1831 1867 1965 1903 cattam
1987 1870 2065 1903 tam
2083 1874 2164 1904 mo—

454 1932 623 1978 destam,
663 1943 750 1980 quce
781 1943 857 1970 non
888 1935 1050 1971 multum
1079 1934 1223 1971 habeat
1251 1935 1434 1982 strepitus
1465 1939 1581 1981 atque
1609 1933 1846 1979 ambitionis,
1880 1934 2041 1970 multum
2066 1931 2180 1980 suoi„
2222 1955 2223 1958 =

454 2000 615 2036 muttum
644 2001 783 2045 luxus,
815 2011 978 2048 quoeque
999 2011 1171 2049 prorsus
1201 2001 1301 2038 absit
1329 2001 1378 2038 ab
1408 2001 1515 2038 omni
1541 2002 1670 2048 specie
1692 2000 1938 2048 tyrannidis:
1983 2001 2077 2047 quin
2097 1995 2164 2038 m

455 2067 495 2103 in
518 2066 686 2104 Henrici
706 2069 834 2103 octavi
857 2069 991 2104 autam
1008 2068 1196 2115 pertrahi
1216 2070 1360 2116 potuit,
1395 2069 1472 2105 nisi
1495 2069 1612 2105 mutto
1634 2069 1812 2114 neqocio‚
1843 2078 1931 2104 cum
1955 2067 2028 2105 ltoc
2047 2067 2163 2115 priu-
2195 2086 2198 2090 Δ
2228 2091 2232 2098 ι

364 2139 387 2171 §.
401 2140 440 2168 14.
455 2134 543 2181 cipe
574 2144 646 2171 nec
675 2135 808 2181 optari
839 2136 1048 2181 quicquam
1080 2137 1204 2182 possit
1241 2136 1393 2172 civilius
1430 2146 1478 2172 ac
1513 2135 1732 2172 modestius.
1791 2134 1948 2172 Natura
1984 2131 2165 2173 libertatus
2206 2159 2207 2162 =

456 2205 572 2248 atque
600 2202 677 2238 ocii
701 2204 759 2238 est
786 2201 960 2241 avicum-,-
1003 2202 1074 2239 sed
1101 2202 1428 2249 quemadmodum
1466 2203 1548 2239 ocio
1585 2212 1672 2238 cum
1711 2202 1832 2239 datur
1869 2201 2003 2238 lubens
2038 2201 2164 2247 utitur,

364 2275 440 2307 §.15.
456 2269 528 2313 ita,
557 2269 703 2315 quoties
728 2269 855 2315 poscit
880 2279 962 2314 res,
988 2279 1099 2307 nemo
1128 2270 1354 2316 invitanti&
1383 2274 1454 2306 [cut
1477 2271 1701 2316 patientior.
1745 2269 1802 2306 ad
1823 2269 2034 2306 amicitiam
2055 2271 2163 2307 natus
2217 2262 2223 2265 ’

449 2334 662 2382 factusque
696 2335 868 2381 videtur,
910 2337 1022 2373 cuius
1050 2340 1088 2373 et
1121 2337 1418 2384 syncerissimus
1457 2341 1514 2374 est
1541 2337 1667 2374 cultor
1695 2340 1732 2373 et
1758 2337 1871 2382 lonqe
1905 2335 2164 2373 tenacissimus
2225 2344 2232 2366 2

452 2406 531 2446 est,·
570 2413 642 2440 nec
668 2403 732 2440 ille
758 2404 891 2440 metuit
918 2401 1193 2452 πολυφιλίαν
1231 2403 1280 2441 ab
1317 2403 1488 2441 Hesiodo
1522 2414 1668 2451 parum
1698 2403 1928 2440 laudatam:
1969 2403 2070 2440 nulli
2091 2410 2164 2440 non

445 2473 561 2517 patet
592 2470 649 2506 ad
679 2471 976 2507 necessitudinis
1001 2469 1162 2516 foedus‚·
1204 2481 1453 2518 nequaquam
1479 2481 1654 2508 morosus
1684 2471 1724 2507 in
1755 2470 1970 2517 diliqendo,
1999 2477 2160 2507 commo-

453 2537 635 2574 dissimus
665 2538 706 2574 in
735 2538 896 2583 alendo,
923 2539 1256 2575 constantissimus
1284 2539 1325 2576 in
1353 2538 1557 2575 retinendo
1567 2551 1581 2581 ‚·
1623 2538 1658 2574 si
1679 2536 1770 2583 fors
1799 2537 1938 2574 incidit
1963 2537 2004 2574 in
2032 2543 2163 2584 quem-

449 2605 560 2651 piam
587 2605 698 2641 cuius
726 2605 826 2641 vitiis
852 2605 1003 2641 mederi
1027 2615 1104 2642 non
1131 2606 1268 2653 possit,
1300 2605 1405 2642 lzunc
1428 2615 1506 2652 per
1531 2606 1770 2642 occasionem
1792 2604 1964 2650 dimittit,
1995 2590 2163 2641 dissuens

454 2672 686 2717 amicitiam,
726 2681 803 2708 non
834 2671 1082 2719 abrumpens.
1143 2683 1238 2719 quos
1273 2682 1458 2720 synceros
1493 2673 1642 2720 reperit
1668 2676 1705 2709 et
1737 2671 1794 2708 ad
1828 2671 2026 2718 inqenium
2058 2676 2164 2708 suum

455 2739 670 2785 appositos,
709 2738 848 2776 horum
883 2740 1162 2777 consuetudine
1195 2738 1424 2787 fabulisque
1461 2741 1518 2777 sic
1554 2740 1790 2783 delectatur,
1827 2743 1869 2776 ut
1896 2739 1937 2776 in
1966 2738 2027 2776 llis
2056 2735 2164 2775 rebus

545 2901 559 2923 ⁴
584 2905 801 2936 cerevisiam
820 2907 851 2936 5.
865 2908 896 2936 7.
910 2906 940 2936 8.
1036 2905 1049 2925 8
1074 2905 1233 2938 libenter
1252 2909 1280 2936 7.
1296 2907 1326 2937 8.
1420 2904 1450 2925 ³²
1475 2905 1613 2946 πολυφ.
1634 2904 1679 2936 ab
1697 2903 1871 2946 Hesiodo]
1891 2903 1959 2946 Op.
1979 2906 2015 2935 et
2039 2902 2070 2934 d.
2089 2898 2161 2933 711.

458 2968 534 2999 sqq.
560 2983 580 2997 ‚,
639 2955 762 2997 δειλός
780 2971 835 2992 τοι
854 2955 955 3003 οἷνὴρ
975 2960 1089 3002 φίλον
1106 2954 1238 2994 ἄλλοτε
1257 2954 1373 2993 ἄλλον
1391 2960 1565 2992 Ποιεῖται
1584 2984 1675 2991 .......
1693 2955 1807 3002 Μηδὲ
1826 2955 2061 2999 πολύξεινον,
2079 2947 2163 3000 μηδ’

458 3008 611 3052 ἄξεινον
628 3011 844 3047 καλέεσθαι.
872 3017 982 3048 miser
1008 3017 1103 3048 enim
1128 3017 1183 3048 vir
1207 3018 1365 3049 amicum
1392 3017 1486 3049 alias
1512 3016 1623 3048 alium
1648 3016 1742 3047 facit
1759 3039 1847 3048 .......
1865 3016 1919 3047 Ne
1936 3025 2022 3047 vero
2039 3012 2161 3045 multo-

459 3078 534 3099 rum
559 3068 690 3110 hospes
715 3072 807 3102 nevo
832 3071 966 3103 nullius
992 3072 1124 3114 hospes
1150 3073 1319 3105 dicaris''.
1391 3071 1420 3091 ³4
1445 3073 1533 3104 foris
1551 3072 1757 3103 2...4.6...8.
