2078 3469
421 252 616 285 CLXVIII.
642 263 879 285 EXHORTATIO
897 262 944 285 AD
963 263 1157 285 Gssmmxos
1178 263 1222 285 vr
1241 261 1494 284 Rsss1P1scAN‘r.
1713 243 1808 290 353

107 372 148 405 ut
176 368 250 413 ipsi
276 368 314 401 in
345 370 555 402 extremam
579 372 851 412 paupertatem
887 369 1121 413 redi'yantur.
1189 367 1322 403 Nonne
1359 372 1466 403 tanta
1501 373 1557 404 est
1591 369 1658 404 illa
1693 371 1807 405 male-

108 425 236 465 dictio,
267 423 364 457 sicut
393 423 597 468 imayinari
619 427 764 467 potest,
795 434 879 458 cum
910 424 1159 458 clarissimum
1191 425 1237 458 sit
1267 424 1347 459 hoec
1378 426 1501 459 omnia
1530 426 1703 469 servitia,
1738 426 1809 460 has

109 479 202 514 tales
221 478 482 522 beneficiorum
506 479 722 513 collationes
743 484 877 514 contra
898 480 974 522 ius,
1007 490 1079 513 non
1096 483 1260 524 propter
1283 479 1489 523 Christum,
1520 482 1587 515 sed
1603 483 1809 527 proprium

57 569 63 574 ,
107 534 335 570 commodum
366 538 596 578 usurpatas,
636 538 671 567 et
700 539 836 569 cuncta
875 535 940 569 illa
976 535 1098 569 media
1136 536 1204 569 deo
1235 536 1390 579 penitus
1428 537 1648 580 displicere;
1685 541 1720 572 et
1757 542 1808 578 tu,

79 600 208 626 5coeca
240 589 461 630 Germania,
487 593 607 633 putas
637 589 679 623 ob
710 589 954 624 obedientiam
987 591 1110 623 omnia
1141 592 1355 625 necessario
1380 593 1466 635 pati
1494 592 1639 626 debere.
1691 592 1808 627 Sedu-

106 646 245 681 ctiones
265 645 346 678 istoe
375 645 448 678 iam
480 655 563 678 cum
595 655 729 689 mayno
760 646 896 679 damno
924 655 1051 689 passa>
1088 646 1170 679 luce
1203 638 1351 680 'clartus
1389 648 1617 691 aperiuntur
1655 649 1736 690 tibi,
1775 651 1810 681 et

106 700 229 736 adhuc
267 701 371 734 times
407 700 532 734 dicere
571 703 606 733 et
644 701 769 734 videre
808 701 909 745 quod
946 701 1055 734 rides.
1117 700 1215 742 Quid
1253 702 1385 736 times?
1426 702 1569 736 Eoecita
1604 704 1810 747 potentiam

106 761 205 791 tuam
236 756 300 790 tibi
329 766 350 788 a
382 756 449 789 deo
480 756 607 789 datam
639 755 697 789 his
719 756 1037 799 perversitatibus
1068 756 1132 789 tibi
1157 756 1197 789 in
1225 761 1327 790 tuam
1348 757 1637 792 destructionem
1653 759 1810 803 penitus

105 811 337 847 tendentibus
373 811 594 851 resistendi,
640 815 675 844 et
714 820 854 854 repone
893 812 1048 855 cattiqua
1088 821 1202 845 sacra
1241 813 1394 846 decreta
1440 817 1526 847 ante
1569 818 1807 858 conspectum

61 877 95 904 10
107 872 227 909 tuum,
268 876 352 911 quse
381 867 433 899 ita
461 875 533 910 per
563 866 735 909 spiritum
767 870 938 900 sanctum
970 867 1110 900 dietata
1142 867 1180 900 in
1216 867 1490 902 universalibus
1528 870 1694 903 conciliis
1723 873 1811 903 sunt

55 917 85 928 Η
104 923 219 965 edita,
252 922 386 967 quibus
415 922 525 955 etiam
557 921 714 965 quisque
745 920 940 955 Romanus
964 921 1146 966 pontifex
1177 922 1325 955 obedire
1356 927 1523 965 tenetur,
1555 925 1630 958 nt'si
1648 926 1684 958 in
1707 929 1806 958 tectim

103 978 405 1022 suppressionem
437 980 474 1010 et
502 976 685 1010 Romame
715 977 832 1010 curice
863 977 1129 1011 exaltationem
1163 977 1310 1019 tendat,
1343 981 1379 1011 et
1408 978 1512 1012 dicas
1534 983 1676 1013 sanctce
1697 980 1812 1013 matri

104 1038 176 1068 tuoe
205 1033 372 1067 ecclesioe
402 1036 688 1076 reprcesentatce
714 1042 788 1076 per
817 1032 886 1066 hoc
916 1041 1069 1066 sacrum
1099 1032 1297 1066 concilium
1329 1032 1472 1075 ‚,Ecce,
1506 1041 1626 1068 mater
1643 1036 1808 1078 pietatis,

44 1123 52 1130 ,
103 1092 235 1124 contra
265 1093 351 1122 tuas
380 1092 534 1122 sanctas
564 1088 717 1133 re9ulas
747 1088 936 1122 universae
965 1087 1133 1121 ecclesice
1168 1088 1330 1121 traditas
1365 1093 1553 1133 yravatur
1590 1090 1809 1124 obedientis-

63 1155 92 1180 15
104 1145 198 1180 sima
226 1143 308 1188 filia
338 1148 424 1186 tua,
457 1144 559 1178 natio
582 1143 827 1185 Germanica,
860 1147 895 1177 et
925 1143 1064 1188 absque
1095 1152 1212 1177 causa
1243 1144 1279 1176 in
1312 1144 1487 1178 miseram
1509 1146 1722 1179 servitutem
1746 1145 1808 1179 de-

103 1200 269 1236 vorantis
299 1203 334 1233 et
363 1203 520 1234 cunctas
544 1209 644 1243 pene
676 1209 765 1243 opes
803 1199 1040 1244 deylutientis
1077 1198 1261 1233 Romame
1299 1200 1418 1233 curioe
1455 1201 1612 1234 redacta
1651 1206 1706 1235 est
1716 1215 1728 1238 ,·
1775 1203 1811 1234 et

102 1266 221 1297 nunc,
254 1256 344 1300 quia
373 1255 532 1299 spiritus
562 1255 702 1289 domini
730 1255 887 1298 replet-it
907 1254 1040 1288 -orbem
1073 1259 1237 1288 terrente
1266 1254 1506 1290 habitationis
1527 1260 1686 1299 nostrce,
1719 1257 1808 1301 quia

103 1312 266 1347 videmus
296 1311 397 1356 quod
424 1311 558 1356 laqueo
589 1311 757 1357 restricti
793 1314 964 1344 tenemur
1000 1314 1036 1344 et
1072 1310 1236 1344 maximo
1271 1310 1466 1355 fmziculo,
1513 1313 1614 1356 quod
1651 1310 1808 1357 difficile

101 1367 282 1402 hactenus
312 1368 441 1411 rumpi
462 1367 604 1411 potuit,
641 1367 721 1400 ideo
752 1367 863 1399 iuoeta
894 1367 968 1399 tria
1005 1370 1137 1399 saneta
1171 1370 1368 1410 prcecepta
1406 1371 1602 1401 conterere
1640 1368 1808 1402 volumus

58 1433 90 1458 20
102 1423 202 1458 hunc
230 1423 405 1467 laqueum
437 1426 473 1456 et
503 1423 673 1466 nosipsos
704 1425 768 1455 tua
792 1422 1027 1466 protectione
1057 1421 1230 1455 liberare.
1292 1421 1376 1456 Non
1412 1423 1692 1466 acquiescemus
1730 1434 1807 1457 (ιηι-

96 1479 218 1524 plius,
248 1479 282 1512 si
311 1477 485 1512 Romana
516 1478 625 1511 curia
650 1487 726 1521 per
755 1486 1001 1522 quascunque
1032 1478 1130 1519 vias,
1171 1478 1246 1511 sive
1282 1478 1496 1522 gratiarum
1528 1479 1603 1512 sice
1633 1488 1807 1513 reserva-

100 1535 258 1577 tionum,
304 1534 568 1578 beneficiorum
607 1533 825 1567 collationes
864 1534 915 1567 ad
950 1542 989 1566 se
1020 1533 1205 1570 traoeerit,·
1249 1543 1323 1567 non
1361 1534 1659 1578 acquiescemus,
1708 1535 1743 1568 si
1770 1535 1808 1568 in

100 1590 260 1625 electivis
290 1589 479 1634 beneficiis
508 1593 544 1623 et
573 1589 818 1634 diynitatibus
848 1593 883 1622 ct
912 1588 1260 1632 confirmationibus
1281 1589 1376 1622 iuris
1397 1590 1565 1623 ordinem
1586 1588 1807 1635 infreyerit;

101 1656 175 1680 non
205 1645 256 1679 ad
284 1650 450 1680 annatas
480 1649 545 1679 aut
576 1645 734 1679 annales
763 1644 1054 1679 contributiones
1084 1644 1243 1689 obligari
1268 1645 1453 1687 volumus,
1485 1646 1553 1680 sed
1572 1649 1713 1679 tantum
1737 1646 1809 1679 erit

58 1701 383 1746 25diliqent1‘ssima
413 1712 509 1736 cura
541 1705 672 1735 nostra
701 1701 974 1735 strictissimam
1007 1700 1249 1734 obedientiam
1280 1700 1316 1734 in
1348 1702 1493 1734 cunctis
1523 1702 1574 1735 acl
1593 1702 1806 1735 animarum

99 1758 256 1792 salutem
286 1757 542 1803 spectantibus
573 1756 771 1799 exhibere,
800 1757 885 1800 pati
913 1757 1188 1798 correctiones,
1221 1756 1468 1799 visitationes,
1501 1756 1805 1802 reformationes,

100 1817 135 1848 et
164 1817 301 1848 cuncta
331 1823 416 1858 quoe
447 1814 497 1847 ad
526 1814 683 1847 salutem
708 1812 921 1857 pertinent,
961 1812 1157 1846 dummodo
1195 1812 1233 1845 in
1271 1812 1371 1846 illum
1400 1813 1513 1856 finem
1547 1824 1568 1846 a
1599 1814 1685 1848 sede
1717 1823 1807 1857 apo-

99 1869 230 1904 stolica
261 1869 319 1903 vel
347 1870 420 1904 alio
451 1878 673 1914 quocunque
705 1869 756 1902 ad
783 1868 852 1902 hoc
883 1868 1143 1902 auctoritatem
1166 1867 1325 1901 habente
1343 1868 1452 1912 fiant.
1514 1868 1808 1903 Necessitatibus

100 1929 222 1960 autem
253 1926 480 1960 universalis
510 1925 676 1959 ecclesice
701 1933 776 1969 per
807 1928 955 1958 nostros
976 1924 1135 1968 legatos,
1167 1923 1405 1966 cardinales,
1438 1925 1504 1968 qui
1522 1923 1693 1958 Romano
1709 1935 1807 1969 pon-

6 1983 7 1986 ’
56 1981 193 2026 30τίβεί
221 1983 414 2024 assistent,
447 1982 662 2023 consulere,
701 1991 745 2015 ac
776 1981 863 2014 (lum
894 1981 945 2013 ita
972 1978 1077 2024 foret
1106 1983 1377 2024 opportunum,
1411 1990 1486 2025 per
1524 1990 1717 2025 eoepensas
1743 1979 1808 2025 sa-

99 2037 252 2071 ciendas
289 2038 527 2072 contribuere
567 2048 640 2071 non
680 2037 958 2077 recusabimus,
1005 2036 1201 2070 dummodo
1240 2036 1284 2069 de
1322 2040 1449 2069 nostro
1487 2040 1553 2070 aut
1599 2037 1807 2081 leyatorum

99 2096 314 2128 nostrorum
351 2103 536 2128 consensu
575 2092 741 2127 subsidia
778 2092 993 2127 huiusmodi
1027 2092 1283 2136 imponantur.
1350 2091 1400 2125 Et
1447 2093 1597 2136 quando
1645 2092 1714 2126 hoc
1756 2093 1808 2126 ita

96 2147 322 2194 fecerimus,
361 2158 562 2194 speramus
591 2159 720 2183 coram
751 2149 819 2183 deo
851 2149 901 2182 act
930 2147 1033 2181 nulla
1065 2148 1141 2181 alia
1171 2157 1239 2181 nos
1268 2146 1452 2181 Romance
1482 2148 1600 2182 carice
1639 2148 1807 2192 obliqari,

99 2207 135 2238 et
162 2205 342 2250 quicquid
370 2205 474 2239 nobis
503 2209 638 2239 contra
662 2205 866 2249 praemissa
893 2203 1111 2237 mandatum
1130 2202 1270 2248 fuerit,
1303 2214 1376 2237 non
1399 2213 1449 2237 ex
1471 2205 1647 2238 mandato
1671 2204 1810 2238 Christi

57 2267 88 2294 ³5
97 2261 272 2305 prodire,
304 2264 339 2295 et
369 2272 443 2295 non
474 2261 671 2305 acceptari
692 2270 824 2305 posse,
856 2261 928 2294 imo
959 2261 1085 2294 verius
1115 2258 1285 2304 refutari
1313 2260 1467 2302 debere,
1500 2260 1566 2304 qui
1583 2260 1686 2294 nobis
1700 2270 1805 2304 prce-

98 2317 214 2360 cepit,
246 2317 346 2362 quod
371 2321 526 2361 patrum
554 2320 751 2361 proecepta
781 2325 937 2351 servare-
978 2316 1189 2350 debeamus.
1256 2315 1307 2349 Et
1343 2316 1441 2349 sicut
1475 2316 1563 2349 dicit
1602 2314 1806 2360 Greqorius

99 2371 345 2407 ‘Admonendi
372 2377 459 2407 sunt
487 2373 640 2415 subditi,
686 2382 732 2406 ne
759 2373 848 2417 plus
878 2383 991 2417 quam
1022 2372 1176 2416 expedit
1206 2371 1281 2405 sint
1317 2371 1491 2413 subiecti,
1538 2380 1584 2404 ne
1613 2381 1697 2405 cum
1727 2374 1804 2404 stu-

98 2428 210 2463 deant
233 2429 325 2474 plus
355 2440 467 2476 quam
505 2429 660 2474 expedit
698 2428 909 2463 hominibus
945 2428 1094 2470 subiici,
1137 2426 1412 2471 compellantur
1450 2436 1577 2460 eorum
1618 2428 1706 2461 vitia
1746 2436 1805 2461 ve-

98 2485 240 2519 nerari'
252 2513 261 2528 ‚
293 2483 360 2528 dvc.

894 2533 1010 2559 rmus.

55 2750 59 2754 ,
186 2715 214 2736 ¹³
246 2715 486 2759 repraesfitata
510 2716 555 2748 A.
657 2714 686 2734 ³5
719 2714 775 2745 Cf.
795 2714 921 2746 Ioann.
946 2714 1023 2745 XV.
1044 2713 1095 2744 10.
1189 2712 1218 2732 3⁸
1254 2711 1418 2755 Gregor]
1452 2714 1604 2745 Decreti
1636 2714 1802 2746 Gratian.

97 2775 190 2813 part.
210 2773 258 2805 11.
288 2783 390 2805 caus.
414 2773 462 2805 ΙΙ.
489 2783 545 2814 qu.
572 2772 603 2802 7.
624 2782 704 2812 cap.
724 2770 778 2803 57.

172 3151 344 3186 vanm
370 3153 459 3185 opp,
486 3153 617 3186 v01..1.
1447 3149 1498 3190 23
