2078 3469
28 129 31 154 ι

26 198 29 233 2
226 190 302 222 CII.
321 182 548 221 ELEVTHERiI
566 198 702 220 BYZENI
720 197 756 220 m
778 197 954 221 vam’n.
973 198 1144 220 carmos.
1164 198 1277 220 PRAEF.
1298 198 1342 220 ET
1360 198 1457 220 EPIL.
1480 188 1568 220 1518?
1663 178 1759 224 237

26 241 30 261 1

25 317 29 362 y
62 317 157 346 nem.
217 308 253 341 et
282 313 368 340 cum
399 301 542 350 passim
573 300 770 339 Berneuse
801 300 928 339 scelus
959 306 1181 346 caneretur,
1224 300 1512 339 dissimulabam
1544 314 1564 339 e
1594 313 1759 352 quorum

24 382 27 433 j
63 371 266 413 colluvione
303 369 489 405 immensa
526 379 649 417 prope
687 380 731 406 ac
772 369 928 418 pessimi
966 367 1130 418 exempli
1167 367 1314 406 scelera
1352 368 1648 418 profluxissent,
1695 381 1760 407 eos

24 444 27 468 ¹
63 438 158 490 apud
194 448 263 474 nos
303 434 435 484 augeri
474 434 707 477 honoribus,
754 435 876 472 dotari
915 434 1143 472 muneribus
1181 448 1224 473 ac
1261 435 1475 474 redditibus
1519 435 1757 485 locupletari.

23 503 26 550 Ι
62 517 174 558 porro
201 502 292 541 illud
322 500 565 545 metuebam,
596 513 646 539 ne
677 506 900 550 erumperet
929 501 967 538 id
998 501 1197 539 hominum
1220 514 1342 551 genus
1364 503 1566 540 censendis
1587 502 1835 541 111011111131-4-

22 564 106 623 sssac
133 570 262 610 studiis
291 569 432 606 nostris
463 566 618 617 przetici.
670 567 922 617 Affligelmtur
947 568 1092 605 interea
1115 568 1241 606 bonus
1263 568 1454 618 Capniou]
1487 570 1568 618 ipsc.
1590 574 1761 607 nostram

22 632 25 689 ξ
62 641 175 679 vicem
206 635 399 679 dolebam,
434 640 469 672 et
500 646 653 672 mecum
685 635 845 672 insontis
868 646 1000 673 casum
1021 635 1250 684 indignabar
1271 637 1393 674 amici.
1446 636 1579 686 Neque
1607 638 1762 686 segnius

21 694 26 767 Ξ
63 711 166 758 parta
193 705 267 742 iam
296 703 453 741 victoria
485 701 634 742 exulto,
681 706 721 739 ut
764 702 828 751 qui
858 702 896 738 in
928 702 1084 739 exitium
1116 702 1373 751 pessimorum
1409 702 1610 740 hominum
1648 702 1760 740 latam

21 774 23 806 t
62 776 133 812 jam
160 771 387 822 patefactam
418 769 627 806 fenestram
655 769 823 806 videam:
857 769 999 818 quippe
1020 768 1167 806 Turcas
1188 780 1287 817 nego
1309 774 1374 806 aut
1395 769 1605 807 ardentiori
1626 770 1762 819 dignos
1777 774 1837 805 §.5-

20 818 24 896 ἰ
64 840 146 879 odio
175 842 239 876 aut
267 836 403 874 maiori
433 836 716 885 oppugnandos
747 848 885 885 opere:
918 835 956 872 hi
985 840 1092 878 sunt,
1125 835 1265 884 quibus
1286 840 1506 884 temporum
1528 836 1761 874 infaerlicitate

27 910 162 947 inrecta
190 904 310 942 studia
349 904 597 946 interierunt,
643 901 764 940 literae
800 901 1035 951 proculcatae
1075 906 1181 945 sunt,
1228 902 1350 939 divina
1389 902 1581 952 theologia
1622 903 1668 940 ad
1706 904 1761 940 in-

63 973 189 1014 utilem
229 970 518 1021 loquacitatem,
566 981 694 1007 meras
739 981 880 1019 nugas,
926 968 1044 1007 aniles
1081 968 1244 1017 ineptias
1288 969 1436 1006 recidit.
1512 969 1642 1007 Latius
1689 970 1764 1007 iam
1780 974 1837 1005 Μ.

65 1051 214 1090 evagor,
245 1050 317 1076 nec*
349 1050 412 1075 vos
443 1037 553 1087 pigre
585 1037 809 1087 agnoscitis,
843 1036 873 1073 T
878 1035 1119 1085 heologistae‚
1151 1041 1287 1073 vestra*
1320 1035 1425 1073 vobis
1457 1035 1579 1085 culpae
1610 1037 1765 1074 conscii.

18 1092 22 1173 j
65 1106 195 1158 quibus
224 1105 396 1155 profecto
427 1103 550 1141 laetius
581 1103 675 1141 1111111
705 1104 876 1146 00111101,
919 1115 1035 1153 quam
1065 1108 1108 1141 ut
1137 1115 1321 1152 regnasse
1352 1115 1418 1140 vos
1449 1103 1600 1141 dicatis:
1642 1103 1768 1142 valent

65 1178 177 1218 artes,
206 1173 333 1223 vigent
363 1170 505 1215 studia,
538 1170 679 1209 florent
708 1171 877 1220 ingenia,
919 1170 1118 1208 barbaries
1157 1169 1302 1213 exulat,
1343 1169 1608 1208 doctissimum
1639 1172 1764 1220 ponti-

26 1241 168 1281 isficem
196 1244 329 1278 vestrae
360 1240 463 1288 piget
495 1238 722 1276 stoliditatis.
784 1238 841 1274 An
873 1238 1080 1287 quiequam
1112 1236 1211 1275 ultra
1250 1236 1462 1277 audebitis,
1510 1237 1649 1286 quibus
1686 1243 1763 1277 tam
1781 1244 1839 1275 M.

17 1296 19 1307 ⁴
64 1307 269 1347 infoeliciter
299 1307 382 1344 auri
412 1305 554 1343 Iudaici
586 1306 778 1355 piscatura
811 1305 946 1342 cessit?
978 1304 1032 1342 Nc
1064 1305 1195 1345 facite„
1237 1303 1369 1342 oculos
1401 1304 1517 1341 habet
1548 1305 1765 1349 Germania,

64 1374 164 1414 vobis
194 1374 407 1412 detractum
438 1372 583 1416 velum,
631 1373 667 1409 in
699 1377 832 1422 aperto
865 1372 1060 1408 constituti
1091 1372 1285 1409 neminem
1317 1370 1518 1409 czelabitis:
1563 1374 1764 1422 regnastis.

65 1446 125 1481 aut
151 1439 249 1479 malo
280 1440 505 1478 Christianae
542 1439 764 1489 reipublicae
796 1440 894 1483 sato,
927 1443 989 1477 aut
1023 1451 1158 1476 eorum
1190 1440 1254 1489 qui
1287 1452 1351 1476 vos
1372 1440 1474 1488 passi
1496 1444 1584 1476 sunt
1606 1439 1764 1478 scelere.

66 1508 152 1554 Quis
180 1509 280 1547 enim
310 1520 379 1558 per
421 1507 514 1546 deos
551 1505 788 1544 immortales
827 1511 903 1543 tam
941 1507 1096 1557 iniquus
1133 1506 1322 1555 pontifex.
1370 1507 1433 1556 qui
1471 1506 1582 1544 nobis
1620 1508 1767 1556 primus
1782 1514 1840 1546 §.S.

26 1576 135 1618 20h0c
162 1577 292 1626 iugum
322 1574 571 1625 imponebat?
603 1579 667 1611 aut
698 1575 782 1624 quis
813 1574 863 1612 ita
893 1574 1052 1623 ignavus
1083 1573 1188 1611 orbis
1219 1578 1333 1611 terrae
1363 1574 1592 1623 imperator,
1626 1575 1690 1624 qui
1712 1576 1765 1612 sic

65 1644 257 1682 manifeste
278 1647 450 1681 nostram
472 1641 585 1679 nobis
606 1640 823 1679 libertatem
847 1642 943 1690 eripi
965 1640 1139 1679 sinebat?
1172 1640 1246 1678 Sed
1270 1646 1374 1679 recte
1397 1641 1580 1680 adversus
1603 1641 1763 1691 Capnio-
1779 1650 1839 1681 §.9.

65 1723 147 1750 nem
162 1710 422 1749 insurrexistis
439 1709 513 1747 hoc-
529 1713 724 1758 tempore:
748 1721 837 1746 nam
856 1709 936 1746 eius
954 1709 1021 1746 viri
1039 1708 1303 1758 magnitudine
1325 1710 1634 1759 perspectissiina
1659 1710 1766 1758 igno-

65 1790 147 1817 rare
175 1790 214 1817 se
245 1778 386 1816 diutius
417 1776 623 1814 Germania
654 1788 730 1813 non
762 1777 904 1825 potuit,
946 1788 1098 1815 servare
1130 1789 1243 1814 suum
1281 1776 1418 1819 decus,
1457 1789 1566 1815 suam
1605 1776 1767 1826 gloriam

66 1845 213 1884 studuit.
272 1845 424 1883 Mecum
454 1844 570 1893 igitur
607 1843 786 1882 insultate
821 1844 950 1888 victis,
991 1844 1185 1881 Germani.
1254 1856 1341 1881 nam
1381 1855 1457 1893 quo
1497 1844 1632 1881 maiori
1671 1843 1766 1881 difti-
1783 1849 1856 1881 §.1⁴¹-

13 1918 55 1963 l²5
69 1911 201 1951 cultata
228 1912 310 1951 haec
340 1916 449 1962 parta
481 1910 637 1948 victoria
670 1916 744 1953 est,
788 1915 921 1960 utpote
953 1916 1129 1949 octavum
1159 1911 1235 1949 iam
1267 1923 1410 1949 annum
1449 1915 1670 1961 oppugnato
1701 1911 1768 1949 Ca—

13 1965 16 1983 '
66 1980 219 2030 pnione,
265 1992 309 2018 eo
339 1992 406 2017 vos
438 1977 608 2016 tenacius
639 1979 860 2017 meminisse
891 1979 929 2016 in
959 1983 1158 2027 posterum
1190 1978 1401 2028 oportebit.
1449 1983 1639 2029 quatenus
1678 1979 1768 2029 quid

66 2046 162 2085 ferre
191 2047 373 2086 debeatis.
437 2047 512 2085 Sed
543 2047 618 2085 iam
650 2046 955 2097 triumphantem
988 2044 1223 2095 Capnionem
1255 2051 1426 2096 spectate
1457 2058 1501 2084 ae
1532 2045 1721 2096 plaudite!

891 2124 926 2162 2.

623 2192 787 2224 AVTOR
812 2191 1185 2224 THEOLOGISTIS.

27 2259 57 2286 3⁰
172 2249 368 2302 Laqueum
399 2250 557 2294 sumite,
590 2248 866 2299 Theologistze,
904 2248 1044 2299 Viginti
1074 2249 1238 2299 amplius
1269 2261 1402 2288 sumus
1433 2249 1470 2286 iu
1501 2247 1696 2286 infamiam
1728 2259 1771 2285 ac

66 2318 268 2366 perniciem
299 2323 465 2356 vestram
497 2317 705 2360 coniurati;
753 2316 917 2355 debetur
956 2316 1030 2354 hoc
1069 2311 1274 2366 Capnionis
1312 2316 1561 2358 innocentiae‚
1608 2314 1771 2352 debetur

150 2429 160 2450 ¹
184 2431 368 2462 Beruense
395 2428 527 2471 scelus]
567 2440 599 2461 a.
621 2428 717 2460 1509.
753 2432 923 2470 quattuor
948 2428 1082 2459 fratres
1108 2427 1243 2459 ordinis
1274 2427 1553 2469 praedicatorum
1580 2426 1622 2457 de
1649 2426 1771 2457 obser-

67 2487 188 2518 vantia
211 2487 339 2518 Bernae
367 2486 542 2517 combusti
566 2490 648 2517 sunt
673 2490 820 2527 propter
846 2485 992 2515 fraudes
1019 2484 1100 2515 ideo
1139 2485 1364 2522 commissas,
1407 2487 1447 2514 ut
1480 2486 1605 2515 eontra
1637 2483 1771 2513 fratres

68 2542 217 2574 minores
242 2543 477 2574 ostenderent
503 2545 719 2583 conceptum
737 2542 864 2572 Mariae
890 2541 1046 2581 virginis
1072 2550 1214 2571 sacrum
1239 2550 1310 2571 non
1336 2540 1460 2570 fuisse.
1488 2540 1643 2570 Exstant
1668 2538 1771 2580 plura

69 2595 110 2628 de
132 2597 198 2630 hoc
223 2598 361 2630 scelere
389 2599 591 2640 composita
618 2598 780 2629 carmina
806 2595 997 2638 popularia
1023 2607 1083 2627 ivon
1108 2597 1170 2627 der
1194 2595 1420 2637 unbefleclcten
1437 2595 1676 2636 Empfci'nym'ss
1694 2594 1770 2625 Ma-

67 2655 142 2692 rioe,
182 2665 328 2697 quornm
352 2665 461 2686 unum
485 2654 659 2686 Nicolaus
684 2652 833 2684 Manuel
857 2652 1015 2693 scripsit.
1064 2652 1156 2682 Vide
1194 2652 1370 2694 imprimis
1411 2650 1570 2693 [Thomae
1597 2648 1770 2692 Murneri]

67 2709 120 2741 De
144 2715 310 2752 quattuor
334 2709 584 2742 hzerefiarchis
607 2709 610 2750 Ι
633 2709 769 2741 ordinis
793 2708 1079 2739 Prae-dicatorum
1111 2708 1155 2739 de
1182 2707 1454 2751 Obse1·:}uantia
1485 2710 1772 2748 nuncupatorum

70 2767 159 2808 apud
185 2767 190 2807 Ι
218 2766 403 2799 Suitenfes
428 2768 465 2797 in
492 2767 646 2797 ciuitate
672 2762 859 2806 Berlnensi
885 2762 1055 2795 cobuftis.
1104 2764 1217 2794 Au'no
1248 2762 1381 2795 Christi
1405 2762 1408 2803 Ι
1430 2764 1476 2793 M.
1497 2764 1541 2794 D.
1562 2764 1622 2794 IX.
1647 2762 1651 2803 Ι
1673 2765 1704 2794 in
1724 2763 1770 2793 4⁰.

70 2826 183 2854 exstat
200 2824 309 2854 etiam
328 2823 558 2855 Germanice.
645 2820 658 2840 3
676 2821 854 2852 reditibus
875 2823 907 2851 3.
920 2824 950 2851 5.
965 2823 994 2851 6.
1066 2819 1078 2838 ‘³
1098 2821 1320 2851 infelicitate
1341 2821 1436 2850 3...6.
1510 2818 1536 2839 ¹²
1552 2822 1665 2861 pigrae
1685 2822 1770 2852 A.5.

68 2878 165 2920 pigre
182 2879 224 2910 B.
272 2880 368 2921 pigri
383 2881 414 2909 4.
481 2877 507 2897 16
525 2877 727 2909 infeliciter
747 2879 843 2908 3...6.
908 2877 935 2896 ¹⁷
961 2876 1132 2908 celabitis
1150 2878 1194 2907 A.
1258 2875 1286 2896 2⁰
1305 2878 1364 2917 qui
1384 2877 1435 2906 ita
1456 2877 1487 2905 4.
1551 2875 1579 2894 ²³
1605 2880 1771 2908 octavum

69 2933 138 2965 iam
163 2933 258 2976 ann.]
285 2936 438 2967 Ineunte
466 2946 497 2965 a.
522 2932 616 2964 1510.
651 2933 941 2964 Pfefl'erkornius
966 2932 1209 2964 Reuchlinum
1234 2932 1377 2963 visendi
1410 2942 1522 2963 causa
1549 2932 1657 2973 adiit,
1692 2936 1773 2974 post

70 2990 158 3030 quod
186 2994 326 3033 tempus
350 2992 429 3033 ipse
457 3001 535 3022 cum
561 2989 838 3021 Coloniensibus
864 2990 957 3020 111100
982 2989 1107 3020 statim
1132 2989 1301 3030 persequi
1327 2991 1524 3029 coeperunt.

8 3057 13 3144 Ι
137 3045 179 3066 Ἢ
205 3046 395 3089 coniurati]
424 3047 470 3079 ef.
490 3056 598 3088 supra
624 3057 656 3087 p.
678 3044 815 3087 130.sq.
842 3045 1176 3077 Reuchlinistarum
1203 3045 1414 3076 exereitum.

8 3146 12 3176 l
