2232 3568
427 201 440 245 1
457 203 518 244 00
670 207 780 238 XXX.
806 214 969 237 noevum.
988 214 1034 234 DE
1052 212 1127 234 10A.
1147 213 1254 235 HVTT.
1275 212 1350 234 INT.
1388 208 1430 234 13.
1450 213 1548 234 Lmss.
1567 212 1702 234 ANNAL.
1721 213 1769 234 AD
1786 213 1820 235 A.
1840 208 1918 235 1516.

994 357 1127 389 ΑΝΝΟ
1159 357 1347 390 DOMINI
1377 345 1488 390 MD'X
1494 358 1559 390 VJ.

537 421 677 455 Sabina
707 418 866 453 illustris
887 416 1149 451 llIaximiliani
1171 416 1336 452 Coesaris
1365 426 1416 452 eoe
1446 426 1578 452 sorore
1609 418 1751 462 neptis,
1783 418 1930 454 Alberti
1948 418 2126 457 Bavarioe

418 480 525 514 ducis
542 477 641 521 filia,
671 474 791 509 Ulrici
809 473 916 507 ducis
947 473 1226 519 tl⁷i1·tembe1·92·i
1243 474 1405 516 coniux,
1428 484 1512 508 cum
1534 474 1580 508 ab
1600 474 1682 518 ipso
1703 483 1800 509 sceve
1821 476 1974 510 nimium
1995 479 2125 512 contra

413 537 480 580 pia
502 531 666 576 com'uqii
685 531 772 564 iura
793 533 1002 574 contraque
1023 530 1206 564 natalium
1227 540 1380 564 suorum
1404 530 1622 576 diqnitatem
1652 534 1909 574 tractaretur,
1940 531 2123 568 Ianuario

417 598 541 624 mense
571 588 622 621 ad
650 590 808 620 matrem
838 584 1081 620 Monachium
1113 586 1245 629 rediit,
1283 590 1395 621 antea
1436 586 1524 621 duci
1549 586 1669 631 filium
1697 586 1892 632 filiamque
1927 592 2120 633 qenuerat.
2147 598 2162 625 5

421 672 563 681 ......
596 643 830 677 Franciscus
860 652 882 674 a
905 640 1108 687 Siclcinqen
1138 641 1249 677 Iunio
1278 650 1404 677 mense
1434 653 1518 676 cum
1549 653 1623 677 non
1647 653 1776 687 parva
1804 644 1984 689 Equitum
2013 654 2126 680 manu

415 704 497 737 loca
527 700 699 745 qucedam
730 698 836 732 ducis
867 697 1123 743 Lotlzarinqice
1161 699 1319 733 adortus
1356 708 1598 744 oppuqnare,
1644 708 1771 733 arcem
1811 710 1925 734 unam
1962 699 2124 736 obte'nuit.

416 756 706 792 Mmrimilianus
737 753 866 788 Ca’sar
897 753 1108 799 Septembri
1145 764 1271 789 mense
1301 754 1509 800 Augustam
1549 755 1717 790 accessit.
1780 754 2041 790 Convenerunt
2079 757 2128 792 ad

413 815 517 848 illum
545 812 679 858 plures
708 810 909 856 Episcopi,
960 809 1177 845 lVilltclmus
1207 820 1354 856 quoque
1391 811 1566 846 Bavaricc
1595 811 1677 845 dux
1713 812 1931 846 adolescens
1969 815 2005 846 et
2026 810 2126 847 Casi-

415 871 535 904 mirus
565 867 739 903 Marclzio
770 877 814 900 ac
840 866 1015 911 plerique
1046 867 1120 900 alii.
1183 866 1425 912 Cunequndis
1455 866 1618 901 Ccesaris
1646 876 1757 902 soror
1786 878 1871 902 cum
1901 868 1995 902 duce
2035 867 2124 903 Wil-
2137 875 2167 904 ιο

415 927 534 961 lielmo
562 925 640 970 filio
669 922 936 967 interpellabat
958 921 1158 957 Ctesarcm.
1218 923 1296 958 Iste
1321 934 1398 969 pro
1419 932 1569 965 sorore,
1600 923 1665 958 illa
1683 934 1757 969 pro
1774 923 1874 969 lilia,
1907 926 2128 969 accusantes

426 982 543 1017 Vtrici
578 980 685 1015 ducis
724 978 1002 1023 lVirtemberqii
1037 979 1235 1021 sceoitiam,
1275 980 1376 1024 quod
1413 978 1591 1013 Sabinam
1629 981 1823 1026 coniuqem
1859 976 2127 1023 inlmmaniter,

416 1037 622 1073 crudeliter
653 1046 697 1070 ac
728 1035 876 1069 duriter
905 1035 1099 1077 habuerit,
1131 1039 1165 1070 et
1197 1036 1239 1070 ob
1268 1036 1308 1070 id
1337 1035 1522 1070 calocrsus
1550 1036 1653 1070 illum
1683 1036 1912 1081 expetebant
1930 1036 2028 1071 iuris
2047 1030 2126 1081 suf—

413 1094 558 1140 fraqia.
654 1091 866 1126 Ludovicus
896 1091 942 1125 ab
973 1090 1117 1125 IIuttcn
1149 1092 1254 1126 miles
1284 1086 1446 1126 auratus
1484 1095 1519 1125 ct
1556 1093 1636 1137 ipse
1684 1092 1962 1138 ll'irtcmberqii
1997 1092 2125 1127 ducem

416 1149 586 1185 criminis
617 1147 841 1189 accusabat,
875 1147 976 1192 quod
995 1146 1177 1181 Ioannem
1199 1148 1245 1182 ab
1267 1146 1411 1182 Huttcn
1429 1147 1570 1193 filium,
1603 1149 1724 1183 virum
1744 1149 1940 1183 innoxium
1955 1175 1963 1191 ,
1994 1151 2166 1188 contram

413 1206 479 1252 fas
510 1213 616 1239 omne
646 1205 779 1248 iusque
809 1203 1160 1248 crudeliter‘atque
1191 1204 1390 1249 tyrannice
1419 1203 1657 1248 iuqulaverit.
1718 1204 1846 1239 Huius
1876 1209 1951 1239 tam.
1990 1205 2128 1239 atrocis

412 1261 512 1308 facti
539 1260 796 1303 horrendique
834 1259 989 1293 sceleris
1024 1259 1183 1294 iudicem
1216 1259 1402 1294 Ccesarem
1434 1260 1645 1295 Ludovz'cus
1683 1261 1899 1306 irrequietis
1927 1261 2060 1306 pulsat
2094 1263 2129 1295 et

415 1318 582 1353 delassat
613 1316 781 1358 vocibus,
821 1318 861 1349 ut
892 1315 1066 1349 ultionem
1099 1315 1142 1349 de
1181 1315 1369 1350 homicida
1407 1319 1563 1350 statuat.
1622 1316 1749 1351 Erant
1786 1320 1876 1351 tune
1911 1317 1949 1351 in
1986 1316 2129 1351 stativis

415 1374 521 1419 apud
550 1372 806 1417 Wemainqam
838 1371 935 1405 mitte
966 1381 1011 1404 ac
1041 1371 1195 1406 ducenti
1221 1373 1365 1417 equites
1385 1372 1585 1406 adnutum
1609 1371 1772 1407 Coesaris
1791 1377 1925 1408 eontra
1957 1373 2126 1408 Wirtem-

415 1430 583 1475 bcrqium
608 1439 684 1473 pro
717 1426 858 1461 Sabina
889 1430 1000 1472 nepte
1033 1426 1194 1462 Coesarz‘s
1224 1437 1376 1474 proque
1406 1427 1595 1463 Ludovico
1627 1429 1843 1475 puqnaturi
1879 1429 2170 1474 exacturiquew

416 1486 630 1521 vitulictam.
691 1484 739 1518 At
770 1483 901 1518 Gallus
931 1484 1200 1519 remorabatur
1228 1494 1296 1519 suo
1327 1485 1539 1519 interventu
1563 1485 1781 1530 principes,
1820 1485 1925 1520 liauol
1952 1486 2045 1520 satis
2072 1485 2127 1520 iu-

414 1546 511 1577 stum
543 1542 622 1576 rati
642 1549 861 1586 parumque
894 1538 1124 1574 Christicolis
1153 1541 1373 1583 convenire,
1406 1544 1447 1575 ut
1472 1551 1546 1586 pro
1574 1542 1686 1576 unius
1706 1542 1839 1576 delicto
1854 1541 2034 1586 plurimi,
2066 1543 2130 1576 aut

411 1610 487 1644 pro
515 1598 703 1642 principis
733 1607 779 1631 ac
809 1596 917 1630 ducis
942 1594 1121 1641 facinore
1156 1597 1355 1641 provincia
1392 1600 1468 1631 tota
1506 1601 1676 1632 vastetur
1705 1602 1741 1632 et
1774 1607 1867 1643 qens
1904 1598 2022 1632 omnis
2056 1597 2128 1632 dis-

410 1657 559 1699 percat.
620 1652 739 1688 Multo
769 1653 995 1687 desudatum
1027 1656 1081 1686 cst
1111 1652 1259 1696 labore,
1306 1654 1341 1687 si
1369 1662 1431 1687 res
1454 1657 1613 1698 possent
1650 1654 1748 1688 citra
1786 1654 1920 1689 bellum
1958 1653 2127 1700 transiqi.

417 1710 493 1745 Scd
522 1710 642 1744 maior
672 1712 756 1743 erat
785 1709 1016 1743 iniuriarum
1047 1709 1160 1743 moles
1190 1712 1226 1743 et
1253 1710 1411 1754 qraoius
1440 1709 1661 1755 offensionis
1688 1708 1848 1754 saxum,
1886 1721 1999 1756 quam
2030 1709 2129 1755 quod
2138 1722 2168 1748 25

416 1768 473 1802 vel
496 1767 716 1811 principum
748 1765 901 1800 lacertis
939 1765 1081 1799 moveri
1116 1765 1309 1811 levarique
1345 1769 1484 1810 posset.
1544 1765 1646 1801 Hinc
1684 1767 1766 1801 dux
1806 1765 1956 1802 Vlricus
1992 1767 2129 1801 citatus

415 1827 665 1868 evocatusquc
705 1825 779 1864 est,
819 1825 860 1856 ut
896 1822 1003 1867 apud
1033 1820 1221 1856 Cccsarem
1260 1832 1418 1856 causam
1454 1822 1597 1857 diceret
1634 1826 1669 1857 et
1704 1824 1848 1858 clueret
1884 1823 2025 1858 obiecta
2055 1821 2128 1857 cri-

416 1881 529 1914 mina.
590 1878 682 1912 Dua:
713 1878 814 1923 quod
841 1877 913 1912 sibi
941 1877 1046 1912 haud
1075 1880 1177 1912 tutus
1217 1878 1269 1912 ad
1298 1877 1485 1913 Ccesarem
1523 1879 1716 1914 videretur
1753 1888 1949 1923 accessus,
1994 1870 2136 1915 causass

415 1936 539 1970 batur.
600 1934 743 1969 Deinde
775 1934 870 1968 misit
899 1934 996 1969 iuris
1025 1934 1255 1976 consultum,
1286 1935 1350 1969 cui
1377 1944 1581 1980 coqnomen
1612 1935 1854 1981 Lamparter,
1885 1936 1951 1982 qui
1968 1936 2023 1970 illi
2047 1937 2130 1970 erat

417 2004 439 2026 a
470 1992 652 2033 consiliis,
685 1994 725 2025 ut
754 2000 911 2025 causam
943 1990 1078 2035 quibus
1102 1994 1232 2034 posset
1262 1991 1412 2026 dicendi
1441 1991 1582 2026 viribus
1611 1995 1794 2027 tueretur.
1854 1991 1896 2027 Is
1928 1992 2028 2027 inter
2054 1991 2169 2032 aliam)

416 2058 501 2094 quse
528 2059 600 2093 pro
631 2047 724 2082 duce
755 2047 948 2091 expiando
979 2046 1198 2080 obtendebat
1223 2047 1390 2091 plurimo
1422 2048 1623 2092 molimine,
1666 2048 1854 2083 Willeetmz·
1881 2048 1988 2083 ducis
2007 2047 2127 2083 Kuni-

414 2105 626 2150 qundisque
657 2103 790 2137 matris
829 2103 1013 2137 culoersus
1053 2102 1318 2148 l‘Virtemtn’rqi
1347 2104 1564 2148 principem
1603 2105 1843 2150 supplicatus
1879 2108 1915 2139 et
1954 2104 2130 2139 ardentes

417 2160 673 2207 querimonias
701 2159 836 2193 irritas
866 2162 901 2193 et
931 2167 1088 2193 enerves
1118 2158 1308 2193 nitebatur
1338 2163 1533 2204 astruere,
1566 2162 1666 2205 quod
1694 2161 1754 2195 ille
1781 2171 1867 2206 prce
1887 2164 2015 2204 (etate,
2047 2168 2129 2206 quae

415 2211 621 2252 illi'nu'nor
651 2220 754 2258 erat,
786 2219 821 2250 et
851 2215 1003 2250 ducissa
1034 2218 1156 2248 mater
1181 2219 1343 2261 propter
1373 2225 1506 2251 sexum
1540 2218 1591 2251 ad
1616 2217 1833 2253 huiusmodi
1852 2217 2035 2252 actionem
2057 2226 2128 2251 non

416 2277 540 2308 essent
569 2273 704 2308 idonei.
766 2270 841 2306 Sed
868 2271 990 2306 vicere
1020 2280 1149 2305 corum
1184 2282 1258 2316 pro
1288 2271 1451 2307 Ducissa
1483 2271 1625 2308 Sabina
1664 2275 1835 2320 qucruloe
1872 2283 1998 2316 voce8‚
2045 2272 2170 2308 vicit35

417 2330 597 2365 Ludoeici
624 2329 750 2363 militis
774 2338 851 2373 pro
876 2331 1086 2372 pernccato
1113 2326 1193 2372 filio
1223 2329 1417 2363 luctuosus
1445 2329 1559 2363 simul
1594 2334 1629 2364 ct
1666 2329 1882 2376 indefessus
1918 2330 2061 2365 clamor
2095 2331 2132 2363 et

414 2387 608 2421 instantia.
670 2384 765 2420 Hcec
803 2384 917 2430 iqitur
953 2387 1088 2419 eontra
1129 2382 1296 2420 Vtricum
1337 2385 1601 2432 ll'irtembcrqi
1638 2387 1768 2421 ducem
1809 2386 1979 2422 Octobris
2015 2385 2129 2421 unde-

415 2443 511 2477 cima
542 2443 601 2477 die
631 2442 709 2476 lata
738 2442 910 2486 lectaque
939 2444 995 2475 est
1023 2442 1231 2476 sententia.-

475 2499 518 2534 In
550 2499 650 2533 (tcnn
680 2497 924 2532 Recletliclten
956 2495 1150 2542 Irrunqen
1181 2498 1262 2532 und
1291 2496 1472 2543 Spa'nncn
1504 2498 1691 2533 :misenen
1713 2498 1914 2544 Ludmiqen
1943 2509 2011 2534 von
2032 2496 2128 2533 Hat-

473 2561 532 2590 ten
565 2554 751 2600 anklaqer
781 2565 829 2588 an
869 2554 1011 2596 (tinem,
1059 2553 1158 2588 aucli
1195 2554 1264 2588 der
1294 2554 1456 2589 Anwald
1484 2554 1646 2590 Fran¹en
1679 2554 1820 2589 Sabina
1852 2555 2045 2601 Herzoqin
2081 2562 2169 2590 zum

482 2612 744 2656 Wilrtemberq
773 2611 923 2656 ctaqere
954 2621 1014 2644 am
1046 2610 1193 2645 andern
1228 2610 1357 2653 Tlmz'l,
1389 2611 1470 2645 und
1489 2609 1643 2657 Herzog}
1670 2611 1846 2646 Ulrielten
1876 2622 1924 2646 zu
1956 2611 2127 2646 Witrten-

473 2669 562 2714 berq
593 2671 801 2702 (tntmorter
831 2677 891 2701 am
923 2666 1062 2701 dritten
1098 2666 1208 2701 leail
1235 2666 1358 2702 haben
1388 2668 1458 2701 wir
1488 2667 1545 2701 als
1565 2667 1758 2702 Erma'ltcr
1780 2667 2004 2703 Rb'misclicr
2024 2667 2127 2712 Kay-

473 2734 536 2759 ser
566 2725 646 2759 und
674 2723 919 2769 reqiercndcr
940 2722 1165 2758 Rb'misclzcr
1185 2723 1315 2769 Kuniq
1335 2723 1416 2758 und
1443 2723 1545 2758 diser
1567 2722 1717 2758 Saeleen
1739 2723 1995 2759 ordentliclier
2015 2721 2126 2758 Ricti-

475 2785 532 2815 ter
563 2779 639 2826 auf
662 2781 720 2815 die
752 2789 971 2825 ausqanqen
1002 2780 1082 2814 und
1111 2779 1321 2814 vcrlcuntcn
1352 2779 1534 2826 Ladunqe
1565 2779 1858 2826 einqebraclzten
1887 2780 2024 2825 anclaq
2053 2777 2130 2813 und

476 2838 605 2881 classen
643 2836 914 2882 qcriclttliclien
950 2835 1147 2881 berueffcn
1186 2837 1267 2871 und
1302 2837 1367 2871 des
1406 2847 1474 2871 von
1524 2836 1761 2882 lVirtenberq
1796 2837 1851 2871 nit
1894 2835 2168 2876 ersclzeinen,⁴5

476 2893 572 2926 aucte
604 2893 795 2927 (terselbcn
828 2892 1080 2937 anlclaqentcn
1113 2893 1192 2927 und
1219 2890 1421 2938 klaq'enten.
1442 2892 1660 2938 Partleeycn
1692 2902 1827 2928 verrer
1855 2893 1893 2926 in
1917 2891 2039 2926 Recta
2062 2900 2127 2925 an-

477 2948 625 2992 rucffcn
666 2949 743 2982 und
780 2949 917 2994 beyern
957 2949 1037 2983 und
1065 2949 1210 2983 dicnveil
1238 2958 1281 2983 er
1310 2949 1408 2984 selbs
1439 2959 1507 2983 von
1549 2949 1825 2994 ll'ilrttemberq
1855 2948 1927 2983 alle
1958 2945 2128 2994 qietliclze

478 3003 644 3038 zimliclee
676 3005 808 3046 mittet,
845 3005 903 3038 dic
936 3005 1004 3038 wir
1035 3004 1132 3039 illine
1162 3005 1231 3051 bey
1271 3004 1359 3039 acle!
1395 3005 1476 3039 und
1513 3004 1695 3040 aberaclzt
1724 3004 1845 3050 Krieq
1874 3004 1955 3038 und
1988 3001 2128 3049 aufrur

480 3059 733 3095 :ucerleictten
765 3070 993 3095 anzenemcn
1023 3061 1213 3105 yebotten‚
1237 3061 1528 3107 &abyesclilaqen
1559 3061 1644 3104 liat,
1682 3060 1805 3095 haben
1835 3061 1904 3095 wir
1933 3071 1981 3094 zu
2011 3057 2130 3094 Beck!

2199 3503 2208 3568 ⁷„
2199 3434 2201 3466 -f
2199 3111 2206 3358 awa„-
