2232 3568
323 934 380 966 §.t

399 191 493 238 360
544 202 715 233 CLXXV.
733 210 817 231 AGR.
838 211 942 231 NETT.
962 209 1009 231 AD
1028 211 1163 232 Bnnxx.
1190 201 1381 234 CLXXVI.
1402 213 1528 234 TETTL.
1545 213 1593 235 An
1609 213 1766 236 ALBERT.
1780 216 1837 237 ΕΡ.
1856 216 1889 238 D.
1903 212 2014 239 5.1V1..
2028 212 2102 241 1520.

399 317 485 350 tiant
518 316 713 349 Romanum
744 315 884 361 iugum,
927 314 1222 361 quemadmodum
1252 315 1409 363 populus
1439 316 1548 353 Israel
1579 317 1662 353 olim
1701 319 1856 355 excussit
1891 319 2012 367 iugum
2042 321 2104 358 do-

400 383 477 406 mus
509 370 628 408 llavid,
662 375 961 416 recesseruntque
993 370 1114 406 decem
1147 371 1261 407 tribus
1282 371 1390 408 Israel
1421 372 1526 431 (longo
1548 374 1651 409 David
1682 386 1797 422 usque
1828 375 1862 410 in
1893 375 1985 412 diem
2015 376 2104 415 hane

398 426 555 460 dicentes
588 424 682 467 ‘Oine
714 431 769 460 est
800 437 883 472 pars
914 431 1037 461 nostra
1069 427 1104 461 in
1134 427 1237 462 David
1269 427 1322 462 vel
1354 440 1432 475 quae
1463 429 1651 465 haereditas
1683 431 1716 465 in
1748 430 1821 466 filio
1852 431 1982 467 Israel?
2019 433 2103 470 vade

357 481 430 517 0.in
465 480 691 515 tabernacula
723 486 802 520 tua,
835 480 964 516 Israel’.
1016 481 1072 517 Sic
1103 488 1137 518 et
1170 483 1229 518 isti
1259 483 1411 519 clamant
1443 484 1538 527 ‘Oine
1569 491 1624 520 est
1654 497 1737 532 pars
1766 492 1892 522 nostra
1923 487 2016 523 inter
2036 488 2103 525 Ro-

396 547 531 575 ‚manos
570 541 630 570 ant
670 548 750 583 quse
788 536 978 572 haereditas
1016 543 1138 574 nostra
1179 539 1214 574 in
1251 540 1422 587 episcopo
1464 541 1646 576 Romano?
1704 541 1870 589 Nunquid
1912 554 1983 578 non
2021 549 2132 580 sunta

395 591 577 638 ,primates
609 597 643 626 et
675 592 835 639 episcopi
867 593 900 627 in
933 592 1137 634 Germania,
1170 600 1209 629 ut
1240 607 1353 642 nsque
1384 596 1425 631 ad
1458 596 1584 643 pedum
1618 597 1738 633 oscula
1769 598 1912 644 indigne
1943 598 2104 635 subiicia-

395 659 485 685 ‚mus
528 659 593 681 nos
633 647 804 695 episcopo
835 648 1018 684 Romano?
1063 649 1253 697 Relinquat
1293 651 1471 687 Romanos
1510 651 1698 687 Germania
1737 659 1772 689 et
1812 659 2030 694 revertatur,
2063 660 2104 691 -et

395 703 476 742 ‚iam
508 708 710 738 revertetur
732 709 766 739 et
788 710 1019 739 convertatur
1049 705 1091 740 ad
1122 706 1292 753 primates
1323 713 1356 742 et
1380 707 1570 754 episcopos
1593 714 1627 743 et
1650 715 1814 755 pastores
1836 710 1959 745 suos!’
1990 710 2104 750 Vides,

396 769 568 805 quorsum
602 764 669 794 ista
702 760 876 799 tendunt,
918 765 953 796 et
985 761 1052 796 iam
1083 762 1263 809 principes
1295 762 1433 810 aliquot
1464 768 1497 798 et
1531 763 1742 811 respublica}
1772 765 1851 800 istis
1882 776 1986 801 aures
2016 777 2105 813 prae-

394 814 490 849 hent.
551 814 640 857 Quid
671 815 818 851 Caesaris
850 815 999 851 valitura
1031 817 1077 852 sit
1108 819 1284 853 autoritas
1315 819 1455 855 nescio:
1502 830 1570 865 ego
1608 825 1705 855 certe
1742 820 2005 868 contemplatus
2039 821 2103 858 ho·
2116 827 2148 855 ιο

394 870 522 905 minem
562 876 679 906 totum
711 871 917 907 Saturnium
956 873 1043 907 nihil
1083 873 1118 908 in
1158 873 1219 908 illo
1259 874 1362 909 bonae
1402 874 1477 921 spei
1509 875 1707 922 repositum
1738 876 1873 911 habeo:
1920 878 1997 923 ipsa
2028 888 2105 924 quae

398 931 600 972 sequuntur
632 932 794 974 tempora
832 928 1012 964 docebunt
1052 929 1191 976 qualem
1224 930 1327 965 nobis
1359 930 1532 977 elegimus
1553 930 1739 967 Caesarem.
1794 931 1868 979 Ego
1900 933 2013 968 adhuc
2042 944 2107 980 per

394 982 489 1017 hunc
526 993 658 1017 annum
689 983 846 1019 Coloniae
885 995 940 1019 nie
977 985 1190 1020 continebo:
1238 998 1317 1021 vere
1349 987 1513 1033 proximo
1550 987 1712 1034 migrabo
1751 999 1876 1023 rursus
1908 988 1943 1023 in
1975 987 2106 1024 Saban-

394 1038 496 1073 ‹liam.
558 1038 659 1073 Mitto
691 1040 732 1074 ad
764 1045 798 1075 te
828 1039 1010 1087 dialogum
1041 1041 1096 1076 cui
1129 1053 1256 1077 nomen
1290 1052 1431 1078 HENNO
1464 1052 1691 1083 RVSTICVS,
1733 1044 1792 1091 qui
1825 1044 1859 1079 in
1892 1044 2011 1079 odium
2041 1045 2106 1080 Ar·
2154 1082 2158 1085 ,

394 1093 560 1129 cimboldi
599 1094 707 1141 legati
747 1095 802 1130 hic
839 1096 1064 1143 conscriptus
1104 1102 1176 1137 est,
1217 1103 1342 1133 autore
1382 1097 1501 1134 Sohio.
1563 1104 1600 1134 tu
1638 1100 1739 1135 mitte
1778 1100 1959 1135 residuum
1998 1099 2149 1137 Marciis

395 1150 597 1185 Damasceni
634 1146 742 1197 atque
783 1152 1065 1198 experimentum
1099 1153 1213 1199 Tyrii,
1253 1159 1286 1190 et
1321 1154 1403 1200 qnid
1434 1154 1627 1190 Herbantia
1657 1152 1774 1191 vestra
1805 1155 2106 1203 metamorphosis

395 1205 564 1245 valuerit,
598 1205 730 1246 scribe,
763 1212 798 1242 et
828 1207 915 1242 vale.
975 1207 1023 1243 Ex
1053 1207 1211 1244 Colonia.
1252 1213 1303 1246 16.
1335 1209 1436 1244 Iunii.
1470 1215 1569 1248 1520.

1849 1301 1867 1312 ο

418 1378 537 1400 Roma.
1116 1360 1393 1410 CLXXVI.
1864 1383 1890 1406 ει.
1911 1387 1984 1407 IVL.
2007 1381 2082 1408 1520.

966 1452 1197 1490 VALENTtNI
1227 1457 1256 1490 A
1287 1454 1538 1490 TETELEBEN

1101 1521 1312 1547 EPISTOLA
1343 1522 1399 1547 AD
2119 1531 2152 1558 2⁰

582 1571 847 1603 ALBERTVM
872 1573 1147 1607 EPISCOPVM
1172 1576 1234 1606 ET
1260 1575 1559 1610 ELECTOREM
1583 1574 1921 1608 MOGVNTINVM.

507 1641 812 1678 Reverendissinw
834 1647 869 1678 et
890 1643 1133 1680 illustrissime
1156 1645 1190 1680 in
1208 1645 1349 1680 Christo
1373 1651 1475 1693 pater
1496 1657 1536 1681 ac
1563 1645 1723 1685 domine,
1755 1645 1897 1681 domine
1920 1645 2109 1682 observan—

392 1697 549 1736 dissime,
572 1697 804 1734 humillimam
826 1700 1185 1739 commendationem.
1232 1700 1457 1736 Clarissimus
1477 1702 1530 1736 vir
1547 1701 1711 1736 dominus
1726 1701 1962 1748 Hieronymus
1983 1701 2109 1737 Alean-

392 1753 466 1791 der,
489 1753 634 1789 natione
656 1753 783 1794 Italus,
815 1755 928 1802 patria
953 1756 1172 1796 Tervisatus,
1205 1757 1365 1792 moderni
1396 1757 1603 1793 Leodiensis
1636 1757 1794 1804 episcopi
1824 1757 1926 1797 olim,
1959 1763 1994 1793 et
2016 1769 2109 1794 nunc

393 1809 679 1844 reverendissimi
712 1815 747 1845 et
778 1810 1012 1847 illustrissimi
1043 1812 1177 1848 domini
1208 1812 1398 1848 cardinalis
1418 1813 1460 1848 de
1482 1813 1632 1849 Medices
1655 1813 1888 1853 secretariuS,
1921 1825 1960 1849 ae
1981 1814 2152 1850 summi25

393 1863 572 1911 pontilicis
604 1865 915 1907 bibliothecarius,
948 1867 1136 1907 Hebraice,
1170 1868 1308 1909 Graece,
1340 1870 1465 1904 Latine
1495 1869 1655 1916 apprime
1676 1869 1821 1908 doctus,
1855 1869 1915 1916 qui
1946 1880 2109 1905 reveren·
2135 1878 2140 1882 “

393 1920 547 1955 dissiinae
578 1927 612 1955 et
645 1921 897 1959 illustrissimae
928 1924 1092 1971 dignitati
1124 1930 1252 1959 vesu-:e
1285 1925 1346 1960 has
1378 1925 1501 1960 literas
1534 1925 1667 1964 reddit,
1700 1925 1793 1959 sedis
1815 1925 2024 1972 apostolicae
2046 1937 2110 1973 per

395 1975 598 2022 pontificem
631 1977 672 2012 ad
704 1990 838 2013 sacram
859 1979 1053 2015 Caesaream
1085 1987 1120 2015 et
1151 1980 1362 2016 catholicam
1394 1982 1613 2016 maiestatem
1646 1981 1792 2015 nuntius
1814 1981 1988 2016 mittitur:
2025 1981 2109 2017 Eum

394 2036 469 2066 tum
502 2033 597 2078 quod
635 2033 720 2068 mihi
758 2046 900 2081 semper
939 2036 1047 2071 suerit
1083 2037 1268 2082 cognitus,
1315 2043 1388 2072 tum
1420 2037 1515 2084 quod
1547 2037 1690 2071 nomine
1720 2036 1901 2084 pontificis
1932 2037 2025 2084 apud
2055 2048 2110 2073 re·

395 2088 684 2123 verenslissimam
725 2096 759 2125 et
798 2090 1076 2127 illustrissimam
1115 2092 1395 2128 dominationem
1433 2099 1587 2128 vestram
1625 2093 1668 2128 de
1711 2092 1893 2139 plerisque
1938 2093 2151 2140 negotiis,³o

395 2148 433 2177 ut
465 2143 508 2178 ab
539 2143 619 2190 ipso
651 2145 765 2180 sactus
799 2158 874 2181 sum
906 2148 1059 2187 certior,
1100 2153 1244 2183 acturus
1284 2154 1396 2188 esset,
1436 2160 1584 2184 vacuum
1622 2148 1709 2183 meis
1748 2148 1863 2184 literis
1901 2148 1999 2184 abire
2037 2159 2108 2185 non

394 2210 472 2234 sum
504 2199 719 2235 arbitratus:
757 2201 869 2237 Habet.
899 2203 1010 2238 inulta
1042 2204 1084 2238 de
1116 2204 1238 2238 fratris
1269 2204 1408 2239 Martini
1440 2200 1585 2240 Lutters
1616 2205 1790 2244 novitate,
1824 2209 1859 2241 et
1890 2203 1995 2240 Ulrici
2023 2204 2110 2240 flut—

394 2259 454 2290 ten
494 2256 716 2296 temeritate,
758 2257 802 2293 ob
835 2258 951 2294 editos
983 2259 1018 2294 in
1049 2259 1231 2307 publicum
1262 2260 1297 2295 in
1329 2261 1448 2296 sedem
1480 2260 1713 2308 apostolicam
1744 2265 1780 2295 et
1809 2271 1999 2307 personam
2020 2272 2109 2308 pon-

395 2352 585 2384 CLXXVI.
628 2354 854 2387 Introductio
881 2357 917 2387 in
942 2357 1133 2389 historiam
1161 2358 1345 2400 evangelii
1371 2358 1495 2390 seculo
1521 2359 1616 2389 XVI.
1643 2359 1810 2389 renovati
1837 2358 1988 2390 authore
2013 2359 2106 2390 Dan.

395 2408 582 2440 Gerdesio.
612 2409 820 2453 Groningae.
852 2411 1021 2452 1744.f1⁰.
1049 2416 1134 2444 tom.
1154 2413 1183 2444 Ι.
1210 2414 1476 2445 Monumentor.
1495 2415 1665 2455 antiquit.
1693 2425 1727 2455 p.
1749 2413 1932 2445 147...148.
1975 2413 2107 2454 (Parti-

619 2466 738 2498 culam
765 2468 932 2508 epistolae
958 2468 1054 2500 male
1080 2470 1217 2510 repetit
1242 2469 1388 2500 Miineh.
1410 2469 1502 2510 Opp.
1522 2470 1626 2500 Hutt.
1646 2469 1714 2500 ΙΙΙ.
1732 2480 1766 2510 p.
1786 2468 1878 2508 568.)

480 2553 493 2573 ³
519 2554 647 2597 Israel]
674 2557 750 2587 Isai
775 2557 841 2588 III.
862 2558 952 2599 Reg.
971 2558 1052 2589 XII.
1076 2557 1127 2589 16.
1207 2558 1220 2577 ‘³
1246 2559 1373 2600 pedem
1399 2560 1478 2590 edit.
1557 2559 1570 2578 ⁷
1596 2561 1786 2590 reveratur
1810 2560 1890 2590 edit.
1969 2557 1994 2578 ¹¹
2022 2559 2057 2598 (ἰ.
2077 2569 2105 2590 e.
2148 2548 2155 2556 ⁹

392 2609 539 2642 Saturno
564 2617 726 2652 regnante
751 2617 857 2644 utrum
882 2618 991 2644 natum
1016 2625 1059 2644 an
1084 2616 1219 2645 electum
1238 2615 1351 2646 (licere
1365 2617 1445 2646 velit
1462 2616 1636 2656 Agrippa,
1664 2615 1790 2654 neseio)
1810 2613 2018 2645 Saturnium
2035 2623 2106 2646 esse

392 2676 455 2697 non
482 2667 664 2698 Hutcenum
696 2667 749 2708 (ut
774 2669 935 2700 Meiners
960 2669 1428 2711 Lebensbesehreibungen
1453 2671 1518 2701 III.
1539 2681 1571 2711 p.
1594 2669 1667 2701 199.
1694 2673 1768 2701 not.
1795 2670 1818 2709 †
1844 2671 2106 2711 interpretatus

394 2725 461 2761 est)
488 2724 585 2757 dicit,
617 2725 680 2755 sed
706 2724 857 2757 Carolum
887 2726 927 2756 V.
955 2715 1030 2766 imp.
1053 2728 1102 2756 sie
1127 2728 1277 2766 appellat
1295 2726 1463 2766 Agrippa.
1552 2725 1578 2745 ¹²
1609 2727 1627 2764 ξ
1644 2727 1675 2757 4.
1703 2727 1754 2757 De
1779 2726 1829 2757 Izis
1853 2729 1885 2757 in
1909 2726 2105 2766 proeceden-

390 2776 475 2807 tibus
505 2783 537 2809 et
568 2780 599 2809 in
627 2789 701 2821 sqq.
735 2791 812 2821 epp.
845 2781 995 2821 pluribus
1021 2784 1141 2822 agitur.
1214 2780 1287 2800 ¹³³⁴
1313 2780 1535 2812 Subaudiam
1560 2783 1640 2813 edit.

482 2832 508 2851 ¹9
541 2834 647 2865 Hunc
679 2836 938 2873 „Valentinum
972 2847 993 2867 a
1019 2836 1217 2875 Tetleben,
1251 2837 1340 2868 LV.
1360 2838 1403 2867 D.
1439 2837 1578 2878 aliquot
1611 2847 1723 2868 annos
1751 2837 1874 2868 Romae
1907 2839 2101 2874 versatum,

395 2891 429 2918 et
455 2889 646 2921 multarum
675 2891 931 2931 ecclesiarum,
960 2893 1178 2934 Moguntiae,
1212 2892 1472 2934 Magdeburgi,
1507 2892 1745 2924 Francofordi
1773 2892 1818 2923 ad
1842 2893 1887 2923 D.
1913 2891 2103 2923 Bartholo-

395 2953 540 2984 maeum,
577 2949 613 2976 et
638 2946 911 2979 Hildesiensem
938 2949 1153 2979 canonicum
1181 2951 1217 2979 et
1243 2948 1513 2990 archiepiscopi
1538 2948 1744 2990 Moguntiui
1770 2948 1807 2978 in
1832 2947 1979 2978 iudiciis
2004 2947 2103 2978 vica-

391 2999 499 3037 rium,
529 3001 842 3033 consentientibus
868 3003 1054 3045 suffragiis
1080 3004 1290 3045 episcopum
1317 3003 1450 3044 elegit''
1479 3003 1671 3046 collegium
1697 3003 1953 3035 canonicorum
1977 3001 2103 3034 Hilde-

391 3054 563 3086 sicnsinm
583 3066 614 3087 a.
637 3055 732 3089 1537.
758 3057 918 3099 Chytraei
944 3059 1114 3091 Saxonia.
1134 3059 1219 3101 Lps.
1248 3057 1345 3090 1611.
1365 3058 1426 3090 fol.
1445 3070 1479 3102 p.
1498 3057 1574 3091 375.
1645 3058 1674 3078 ²⁷
1697 3062 1840 3091 vestras
1867 3057 1968 3090 Gerd.
