2078 3469
11 1649 14 1663 -
7 1314 13 1640 —-—...-—-—--.-⁴
5 1118 10 1303 -‘†-—
4 1007 11 1109 1.-
2 881 7 993 ,-.-,«.·

15 1966 21 2046 Ι

16 2047 19 2056 ι

17 2097 20 2105 ι

235 257 429 290 CXLVIII.
457 267 727 289 PIRCKHEIMERI
747 267 793 289 AD
813 268 964 289 HIERON.
985 244 1157 290 misi-:uvat
1175 269 1230 289 ΕΡ.
1257 268 1290 288 1).
1309 267 1343 289 A.
1364 262 1442 288 1519.
1462 267 1491 288 s.
1513 262 1588 288 1520.
1684 245 1778 292 319

79 380 212 410 veteres
241 371 437 418 disciplina}
469 371 698 411 reviviscere,
737 371 919 407 literarum
950 372 1066 407 studia
1098 371 1226 408 ssorere
1257 378 1293 407 et
1323 383 1446 407 omnes
1481 371 1583 407 bonae
1621 377 1716 406 artes
1747 371 1782 406 in

79 431 188 466 lucem
226 427 371 475 prodire
410 427 605 474 incipiunt,
653 427 781 474 quibus
821 427 917 463 brevi
956 428 1109 463 universi
1150 427 1200 462 illi
1238 425 1380 463 ba‘rbari
1418 428 1540 463 hostes
1584 428 1781 475 profligari,

79 484 162 534 pelli
190 490 225 519 et
248 482 391 530 penitus
421 494 439 517 e
469 483 585 518 medio
619 483 695 518 tolli
727 489 897 530 possunt,
940 484 987 519 ita
1019 490 1058 518 ut
1088 490 1212 519 nostra
1244 484 1428 519 Germania
1458 495 1529 518 non
1561 483 1677 518 solum
1709 483 1782 518 bel-

80 542 143 576 lica
176 539 297 577 laude,
340 538 515 573 maiorum
549 538 736 574 nobilitate
774 551 812 573 ac
852 539 997 574 Romani
1033 540 1172 586 imperii
1211 540 1481 587 prieemincntia
1515 539 1680 577 excellat,
1721 539 1782 574 sed

53 595 233 634 5omnium
267 593 441 629 bonarum
478 594 664 629 literarum
701 595 866 633 scientia,
907 602 1115 631 cunctarum
1153 595 1422 642 disciplinarum
1453 595 1674 634 eruditione,
1713 595 1783 630 cla-

81 651 299 688 rissimorum
327 649 554 695 ingeniorum
584 649 768 685 faelicitate
800 650 1021 690 illustretur,
1054 651 1273 690 celebretur,
1302 652 1502 686 decoretur.
1560 651 1783 697 quandoqui—

80 709 155 744 dem
182 706 223 741 ad
253 710 387 740 tantam
417 706 703 752 consequendam
730 706 913 741 victoriam
940 718 1055 754 neque
1083 707 1234 742 militum
1265 708 1366 742 deest
1399 707 1596 746 exercitus,
1633 707 1783 754 impera-

80 770 193 800 torum
222 761 330 796 etiam
354 766 520 807 superest
545 773 690 796 manus:
730 773 809 796 uam
839 768 879 797 ut.
910 762 1069 809 reliquos
1101 762 1300 797 studiorum
1330 768 1585 810 praetereamus
1607 762 1784 797 refocilla-

80 825 192 858 tores,
223 828 341 852 nonne
372 816 607 852 illustrissimi
638 817 689 852 illi
722 818 882 853 Saxouize.
910 818 1038 856 Duces,
1066 818 1225 865 quamvis
1251 818 1425 853 maiorum
1454 818 1569 853 titulis
1599 819 1686 853 adeo
1713 818 1783 853 sint

40 874 251 921 10insignes‚
285 872 412 919 opibus
443 878 513 907 tam
543 879 728 919 potentes,
773 874 879 908 animi
909 879 944 909 et
973 874 1137 920 corporis
1168 873 1312 908 dotibus
1340 874 1487 920 perinde
1518 874 1710 913 fortunati,
1744 881 1783 909 ut

79 930 125 966 nil
154 929 195 965 ad
226 934 294 963 tam
325 928 529 963 absolutum
561 929 755 964 scelicitatis
785 929 966 964 cumulum
997 929 1075 964 addi
1100 940 1207 976 posse
1229 929 1406 969 videatur,
1444 929 1537 964 ulti-a
1568 929 1642 964 luec
1666 935 1783 964 tamen

79 985 231 1021 literaria
262 984 522 1019 instauratione
558 984 811 1023 immortalem,
850 996 967 1019 veram
1003 990 1038 1019 et
1076 996 1257 1031 nunquam
1294 985 1599 1020 intermorituram
1627 985 1693 1019 sibi
1724 996 1784 1032 pe-

79 1051 199 1090 perere
224 1039 386 1087 gloriam.
448 1051 552 1087 quam
578 1040 673 1075 euim
702 1040 891 1079 maiorem,
926 1040 1118 1075 firmiorem
1153 1046 1188 1075 et
1218 1040 1463 1075 honestiorem
1494 1040 1548 1074 sui
1578 1040 1784 1075 memoriam

80 1099 223 1144 magnus
253 1095 312 1130 ille
338 1096 487 1131 Romani
518 1095 658 1143 imperii
689 1096 825 1131 elector
857 1096 1085 1131 Fridericlius
1116 1095 1276 1131 Samnite
1306 1096 1378 1131 Dux
1413 1096 1701 1143 incomparabilis
1731 1107 1785 1130 re-

41 1153 237 1200 1slinquere
266 1151 446 1198 potuisset
475 1163 579 1198 quam
607 1151 713 1187 talem
746 1158 887 1199 tamque
919 1152 1101 1198 egregiam
1132 1152 1343 1187 academiam
1375 1152 1532 1198 erigere,
1569 1163 1648 1198 quie
1679 1152 1785 1187 etiam

79 1220 154 1245 cum
181 1207 307 1255 priscis
338 1207 408 1243 illis
433 1208 683 1246 contenderet,
716 1208 946 1255 przesentium
976 1219 1059 1243 vero
1088 1208 1177 1242 nulli
1208 1208 1376 1246 inferior,
1409 1208 1573 1255 plurimis
1605 1214 1700 1243 esset
1727 1219 1785 1242 su-

79 1264 213 1312 perior:
260 1263 435 1310 siquidem
460 1263 538 1299 eceli
565 1264 644 1310 quis
673 1263 796 1299 stellas
828 1270 930 1299 antea
961 1270 1165 1299 numeraret
1196 1276 1300 1311 quam
1330 1276 1447 1299 veram
1475 1264 1676 1299 studiorum
1709 1263 1786 1299 offi-

79 1321 188 1356 cinam
216 1319 311 1354 illam
338 1319 445 1366 digne
476 1319 620 1354 laudare
655 1326 715 1355 aut
753 1326 808 1355 tot
846 1320 1136 1355 doctissimorum
1171 1321 1328 1355 virorum
1364 1320 1489 1355 merita
1524 1320 1704 1366 pra¹conia
1730 1331 1786 1354 ce-

80 1376 213 1412 lebrare
242 1376 389 1422 posset?
435 1375 507 1411 Hoc
537 1375 637 1411 nullo
673 1387 744 1411 uon
771 1377 1037 1411 memorandum
1070 1387 1144 1411 {evo
1174 1376 1310 1423 primos
1343 1377 1452 1411 fuisse
1485 1376 1785 1422 Vitenbergenses

40 1432 257 1479 zosapientes
292 1431 352 1478 qui
383 1437 467 1478 post
496 1437 549 1467 tot
580 1431 696 1467 secula
732 1432 855 1467 oculos
885 1433 1041 1480 aperire,
1082 1443 1203 1467 verum
1233 1444 1251 1467 a
1282 1432 1372 1468 salso
1411 1432 1622 1479 dignoscere
1657 1438 1692 1466 et
1727 1432 1785 1466 de-

80 1493 254 1535 pravatam
293 1487 572 1534 philosophandi
612 1488 788 1523 rationem
827 1500 845 1523 a
884 1488 1082 1523 Christiana
1122 1488 1306 1535 theologia
1342 1499 1528 1524 secernere
1575 1487 1784 1534 inceperint.

80 1543 186 1579 Huius
226 1543 314 1578 tanti
352 1543 524 1590 principis
561 1544 710 1590 vestigia
748 1550 922 1591 sequutus
964 1543 1230 1580 illustrissimus
1267 1545 1432 1579 dominus
1471 1550 1571 1583 tuus,
1609 1543 1785 1589 Georgius

81 1599 237 1635 Saxoniae
272 1600 342 1634 dux
379 1599 673 1639 florentissimus,
715 1601 775 1647 qui
812 1611 855 1635 ne
893 1607 1021 1647 patruo
1060 1600 1252 1635 virtutibus
1288 1601 1429 1636 cederet
1466 1606 1526 1635 aut
1555 1611 1639 1647 pace
1669 1600 1787 1634 minor

82 1667 181 1703 quam
211 1655 306 1691 bello
337 1661 452 1694 esset,
485 1656 702 1703 Lypsensem
735 1668 834 1691 suam
867 1657 1078 1692 academiam
1109 1656 1156 1691 ita
1184 1657 1299 1692 doctis
1328 1656 1411 1691 viris
1437 1662 1603 1695 exornat,
1635 1656 1682 1691 ita
1712 1661 1786 1690 stu-

41 1711 218 1747 mdiorum
248 1711 421 1747 incuriam
451 1711 644 1758 diligenter
673 1713 850 1751 emendat,
891 1713 938 1747 ita
976 1712 1149 1747 bonarum
1188 1713 1317 1747 artium
1352 1713 1501 1760 cupidos
1539 1712 1703 1758 instigat,
1748 1717 1787 1746 ut

81 1778 150 1802 non
179 1768 352 1803 minorem
381 1767 461 1802 inde
492 1767 642 1814 gloriam
674 1774 916 1815 consequatur
948 1780 1052 1815 quam
1084 1768 1352 1816 disciplinarum
1388 1768 1563 1804 candidati
1595 1767 1786 1803 utilitatem

81 1823 328 1871 adipiscantur.
390 1824 517 1871 quodsi
546 1824 662 1859 verbis
693 1825 848 1871 reliquas
882 1825 970 1860 tanti
1003 1825 1123 1859 herois
1150 1825 1201 1860 tui
1232 1825 1382 1860 virtutes
1420 1824 1609 1871 complecti
1647 1823 1785 1862 vellem,

81 1879 129 1914 nil
159 1879 445 1927 aliud-profecto
474 1891 616 1927 agerem
641 1892 745 1927 quam
772 1881 859 1916 solis
891 1881 1118 1928 splendorem
1146 1880 1272 1916 faculis
1304 1881 1496 1916 illustrare.
1547 1882 1722 1915 (aeterum
1750 1885 1788 1914 ut

84 1936 218 1971 tandem
256 1936 298 1970 ad
337 1936 530 1971 Lucianum
569 1942 732 1971 nostrum
775 1944 951 1976 revertar,
990 1949 1057 1984 ego
1096 1937 1177 1976 tibi,
1216 1937 1262 1972 mi
1293 1936 1533 1972 eruditissime
1561 1936 1786 1982 Hieronyme,

43 1996 149 2028 aotam
187 1991 343 2040 lepidum
379 1992 572 2027 Rhetorem
614 1998 649 2028 et
688 1999 874 2028 venustum
914 1993 1051 2028 dicendi
1084 1993 1295 2040 magistrum
1321 1994 1464 2032 dedico,
1504 2004 1576 2028 non
1605 1992 1721 2028 solum
1750 1996 1789 2026 ut

82 2047 241 2083 amicitiae
271 2053 405 2083 nostra}
435 2048 567 2095 pignus
599 2049 645 2084 sit
676 2049 934 2088 certissimum,
974 2050 1034 2084 sed
1066 2050 1360 2096 quemadmodum
1392 2061 1447 2084 me
1474 2048 1559 2084 olim
1590 2049 1623 2084 in
1653 2047 1789 2083 bellicis

83 2102 185 2139 rebus
213 2103 425 2140 Martialium
454 2105 638 2152 copiarum
668 2105 791 2141 ducem
818 2117 896 2141 esse
926 2106 1063 2146 vidisti,
1102 2105 1149 2140 ita
1179 2117 1272 2141 nune
1304 2105 1338 2140 in
1370 2105 1634 2140 Reucbliuianis
1662 2104 1789 2139 eastris

84 2159 221 2196 ordines
249 2165 434 2207 gerentem
464 2172 535 2196 non
566 2161 710 2208 penitus
742 2162 907 2209 ignavum
933 2153 1165 2205 ἀλεξίκακον
1196 2173 1273 2197 esse
1295 2173 1509 2208 cognoscas,
1541 2160 1689 2196 maxime
1710 2171 1790 2195 cum

88 2220 125 2250 tu
154 2227 295 2263 quoque
326 2209 552 2262 ἀλαστόρων
577 2217 723 2253 illorum
754 2218 957 2265 praecipuus
988 2218 1104 2253 hostis
1135 2219 1265 2253 existas
1293 2224 1327 2253 et
1356 2218 1391 2252 iu
1413 2217 1668 2253 Rencliliniauo
1694 2228 1790 2252 com-

45 2271 208 2308 asmilitio
248 2272 355 2318 (absit
392 2273 501 2308 verbo
543 2273 685 2320 invidia)
723 2274 916 2310 acerrimus
956 2280 1209 2322 propugnator
1253 2274 1428 2309 habearis.
1496 2273 1622 2319 Accipe
1667 2272 1788 2318 igitur,

84 2327 292 2376 Hieronyme
322 2329 550 2369 amicissime,
584 2341 712 2365 munus
743 2336 781 2365 ut
810 2331 968 2366 arbitror
996 2342 1069 2366 non
1101 2331 1246 2366 omnino
1284 2331 1480 2377 ingratum,
1513 2341 1551 2364 ac
1580 2328 1790 2363 Bilibaldum

86 2388 180 2419 tuum
213 2396 333 2420 amore
366 2391 401 2420 et
439 2385 703 2425 benevolentia,
741 2392 780 2422 ut
814 2399 956 2435 semper
992 2387 1127 2426 fecisti,
1164 2392 1396 2433 prosequere.
1457 2384 1605 2420 Paulum
1643 2384 1789 2419 Pracht—

84 2438 233 2476 bectium
261 2441 544 2477 iureconsultum
574 2441 810 2478 clarissinunu
850 2450 886 2478 et
913 2443 1104 2479 Ilenricum
1143 2443 1365 2478 Stromerum
1406 2441 1579 2476 medicum
1618 2446 1790 2487 praestan-

87 2495 255 2533 tissimum
286 2509 364 2533 meo
394 2498 538 2534 nomine
565 2498 700 2539 saluta,
734 2505 771 2535 tu
803 2511 946 2547 quoque
978 2499 1093 2534 fauste
1125 2505 1160 2534 et
1191 2498 1357 2534 feeliciter
1387 2498 1460 2533 vive
1492 2509 1530 2533 ac
1556 2496 1641 2532 vale.

171 2638 197 2659 ¹⁴
221 2641 455 2680 „Fridericus
474 2641 653 2673 Saxonum
672 2641 741 2672 dux
759 2641 934 2673 bonarum
951 2641 1140 2673 literarum
1158 2642 1415 2673 instauratos&
1443 2642 1489 2672 ad
1503 2651 1607 2682 mary.
1658 2638 1684 2659 ¹⁹
1703 2639 1789 2679 „Vi-

84 2694 341 2738 tenbergenses
372 2697 551 2739 Theologi
584 2697 829 2728 Christianam
862 2698 994 2728 docent
1025 2697 1269 2739 theologiam”
1304 2700 1335 2728 in
1367 2708 1472 2738 margy.
1523 2696 1790 2739 [Pirckheime-

87 2759 144 2782 rus
175 2761 253 2783 cum
285 2753 363 2784 haec
397 2753 598 2793 scriberet,
631 2754 820 2784 Emserum
853 2754 1067 2785 acerrimum
1100 2754 1224 2784 horum
1257 2753 1508 2794 theolog-orum
1538 2753 1681 2784 hostem
1712 2762 1793 2783 mox

87 2804 241 2838 futurum
267 2818 345 2839 esse
372 2819 442 2840 non
469 2812 524 2840 est
551 2808 778 2851 auguratus.)
902 2808 926 2829 3¹
962 2811 998 2841 in
1030 2810 1153 2840 bellic.
1181 2808 1269 2851 reb.]
1304 2813 1430 2840 contra
1456 2809 1664 2848 Helvetios,
1701 2808 1793 2849 quod

87 2859 218 2894 bellum
234 2864 381 2895 Pirckh.
404 2866 673 2896 commentariis
697 2865 903 2906 descripsit.
933 2866 988 2897 Cf.
1008 2865 1129 2907 p.·200.
1151 2866 1172 2896 i.
1194 2866 1218 2898 f.
1284 2864 1311 2884 ³³
1335 2859 1449 2907 theg]
1477 2865 1650 2896 malorum
1669 2864 1792 2906 depul-

88 2925 200 2950 sorem
268 2919 296 2939 ³⁴
314 2913 540 2960 α’λοῖστωρων
565 2920 639 2961 (sic)
662 2921 692 2951 l.
743 2921 981 2952 scelestorum
1008 2922 1175 2961 (fratrum
1201 2922 1493 2962 cucullatorum).
