2232 3568
365 339 389 371 ᾗ.
401 341 424 369 ’2.

367 806 425 837 §.3.

369 1210 427 1241 §.4.

369 1408 394 1440 ὁ.
405 1409 428 1436 5.

372 1677 396 1709 ᾗ.
408 1679 434 1707 6.

381 2746 439 2778 §.a

441 211 535 258 326
607 220 711 252 CLV.
739 228 845 250 anT.
865 227 913 248 AD
930 226 1080 249 memmi.
1099 226 1267 248 Avsrnm:
1286 226 1398 249 PRAEF.
1418 228 1464 249 m:
1483 228 1542 250 vn.
1562 228 1664 250 Eecn.
1685 229 1860 252 coxsmzv.
1882 225 1958 253 1520.

439 333 491 372 illi
530 333 655 371 omnia
695 330 929 380 capessenda
966 328 1209 367 consultores
1246 329 1365 367 simus
1403 331 1611 379 opportuni
1647 335 1683 368 et
1716 331 1850 370 seduli.
1909 331 2019 377 Quod
2054 346 2139 376 cum

440 400 520 438 aliis
549 401 587 436 in
615 398 734 436 rebus
764 396 890 435 facere
920 396 1015 435 alios
1044 396 1220 438 videam,¹
1242 396 1323 444 ipse
1355 396 1429 434 hoc.
1458 397 1551 434 mihi
1583 397 1798 447 desumpsi,
1831 398 2075 440 obnixissime
2099 407 2140 442 ut

439 477 616 504 moneam
647 477 695 502 ne
724 465 890 513 patiatur
920 464 1062 502 diutius
1093 462 1369 501 contumeliose
1393 463 1557 501 Romani
1587 465 1777 512 pontificis
1807 466 1994 515 tyrannidi
2025 466 2139 508 obno-

439 534 540 571 xiam
577 543 660 569 esse
699 531 797 568 hanc
833 532 1038 569 nationem.
1102 530 1200 575 Quid
1232 531 1332 567 enim
1363 531 1472 580 prius
1503 530 1639 580 aliquis
1670 532 1859 569 existimat
1886 531 2033 571 Turcas
2062 546 2141 576 esse,

440 598 706 641 debellandos,
755 598 819 647 qui
858 603 895 635 et
933 597 1086 645 longius
1124 596 1265 634 absunt
1301 601 1338 635 et
1376 609 1421 635 eo
1458 608 1602 646 genere
1641 597 1754 636 nobis
1790 599 2040 638 adversantur
2069 613 2167 652 quog,

439 666 635 715 potuimus
664 665 736 714 ipsi
762 676 917 714 semper
946 664 1176 713 plurimum,
1205 675 1402 702 armorum
1433 665 1702 703 contentione?
1743 677 1790 703 an
1816 666 1924 715 prius
1951 665 2070 706 hostis
2090 673 2144 710 est

442 732 673 782 quaerendus
704 743 819 782 quem
850 731 1048 770 hauddum
1078 731 1287 774 sensimus,
1307 722 1434 781 ‘quam
1464 731 1553 770 huie
1583 732 1841 771 resistendum
1868 733 1932 782 qui
1962 733 2000 771 in
2029 736 2143 775 cervi-

444 799 552 837 cibus
580 800 652 837 iam
684 799 826 836 nostris
851 809 993 847 magno
1025 810 1114 836 cum
1145 798 1413 836 dominationis
1445 798 1543 836 fastu
1571 800 1792 847 grassatur?
1830 799 1872 837 ld
1894 799 1996 849 quod
2021 802 2145 843 conari

440 877 646 915 aggressus
677 877 749 914 ego
781 877 857 903 non
890 870 1037 903 tantuin
1068 864 1284 915 pericnlum
1314 876 1392 902 non
1422 869 1572 909 metuo,
1606 866 1748 916 quippe
1778 867 1881 904 iuxta
1906 865 2043 905 Christi
2063 878 2144 908 sen-

439 934 598 971 tentiam
629 934 813 980 ‚existimo
854 932 1003 970 sortiter
1041 944 1127 982 quai
1163 944 1254 970 vcra
1291 936 1380 969 sunt
1418 931 1598 976 dicenda,
1637 944 1709 971 nec
1742 932 1932 971 timendos
1968 944 2050 972 csse
2084 939 2183 975 coslo

441 1001 507 1051 qui
537 1001 719 1039 occidunt
748 1011 910 1049 corpus,
947 1001 1113 1038 animam
1143 1004 1270 1037 autem
1306 1010 1384 1036 non
1420 1003 1583 1048 possunt
1613 1000 1810 1044 occidere;
1854 999 1920 1038 sed
1951 1001 2147 1049 praemium

444 1068 558 1105 etiam
587 1079 722 1117 spero,
763 1079 840 1104 non
871 1067 953 1111 hic,
993 1066 1059 1104 nbi
1089 1067 1259 1104 minores
1289 1071 1378 1104 sunt
1406 1067 1553 1104 meritis
1582 1067 1724 1105 nostris
1756 1066 2048 1112 retributioneS‚
2083 1069 2147 1114 sed

443 1135 482 1172 in
520 1134 582 1172 illa
623 1135 859 1183 sempiterna
897 1134 1038 1183 patria,
1078 1134 1144 1171 ubi
1184 1134 1369 1172 reddetur
1407 1135 1615 1184 unicuique
1651 1134 1866 1172 secundnm
1899 1134 2033 1172 merita
2069 1146 2144 1180 sua.

444 1200 551 1238 Dabo
586 1201 688 1238 enim
721 1211 899 1249 operam,
936 1205 978 1238 nt
1008 1199 1185 1238 abstrusa
1224 1211 1350 1249 nuper
1387 1205 1424 1238 et
1461 1205 1591 1238 extare
1621 1202 1733 1239 vetita
1768 1202 1807 1239 in
1834 1200 1962 1239 lucem
1995 1201 2148 1251 prodeat

444 1268 601 1310 veritas,
643 1279 716 1305 nec
754 1266 863 1305 locus
900 1268 947 1305 sit
985 1267 1148 1317 amplius
1182 1267 1372 1316 pudendis
1407 1267 1644 1311 fictionibus,
1692 1267 1888 1306 sceleratis
1925 1268 2186 1331 mendaciisssb

445 1335 483 1372 in
520 1345 606 1384 quae
642 1335 695 1371 sIc
734 1335 975 1372 consensisse
1012 1334 1202 1372 mundum
1235 1334 1430 1377 vidmnus,
1469 1339 1509 1372 ut
1541 1346 1627 1384 quae
1658 1334 1798 1373 Christi
1831 1340 1938 1379 sunt,
1979 1346 2063 1391 quae
2090 1335 2149 1377 ille

445 1400 684 1439 observanda
722 1401 870 1445 docuit,
914 1413 1013 1451 pene
1049 1403 1094 1440 iis
1132 1402 1261 1450 ignota
1297 1402 1389 1445 sint,
1438 1403 1502 1451 qui
1542 1401 1734 1439 Christum
1768 1402 2011 1457 profitentur.
2071 1402 2150 1442 Non

443 1468 649 1506 serendum
681 1472 738 1505 est
768 1469 884 1517 igitur
913 1480 986 1519 pro
1013 1468 1230 1517 evangelica
1259 1469 1415 1506 veritate
1447 1472 1484 1506 et
1509 1467 1649 1506 Christi
1679 1469 1854 1507 doctrina
1885 1470 2018 1508 inanes
2047 1468 2149 1510 sahu-

443 1534 520 1579 las,
552 1535 753 1573 hominum
784 1535 983 1579 mandata,
1016 1536 1114 1574 lucri
1149 1535 1379 1585 plerumque
1415 1546 1548 1573 caussa
1578 1535 1626 1573 ab
1652 1536 1696 1573 iis
1723 1540 1940 1574 commenta
1974 1537 2150 1587 supponi;

447 1601 514 1639 sed
543 1602 760 1640 revocanda
786 1603 832 1640 ab
862 1602 1029 1641 obscuro
1062 1608 1096 1641 et
1127 1601 1294 1640 latibulis
1324 1603 1402 1640 suis
1430 1603 1570 1640 veritas
1600 1608 1675 1647 est,
1708 1607 1746 1641 et
1777 1603 2001 1641 inculcanda
2032 1603 2190 1644 denuo²⁰

447 1668 648 1707 hominum
679 1669 839 1707 auribus
870 1682 913 1708 ac
944 1669 1200 1719 imprimemla
1228 1668 1416 1707 sensibus.
1464 1669 1609 1718 ‘Ignem
1637 1671 1723 1708 veni
1753 1671 1904 1709 mittere
1936 1671 1975 1709 in
2004 1670 2152 1710 terram'

448 1735 624 1774 Christus
662 1737 731 1780 ait,
774 1741 824 1774 ‘et
855 1737 946 1786 quid
976 1737 1081 1781 volo,
1120 1737 1193 1774 nisi
1231 1741 1273 1774 ut
1310 1736 1586 1775 accendatur?
1630 1736 1811 1775 Profecto
1839 1738 2005 1787 ingentis
2033 1738 2153 1778 meriti

447 1808 505 1840 est
535 1805 734 1841 veritatem
770 1803 1001 1852 praedicare,
1044 1804 1139 1842 (leus
1179 1807 1234 1841 est
1271 1803 1373 1841 enim
1406 1804 1543 1842 veritas
1577 1808 1614 1842 et
1643 1804 1844 1853 przedicari
1880 1816 1921 1843 se
1957 1804 2080 1849 iubet,
2112 1805 2153 1844 iis

447 1871 513 1920 qui
550 1870 624 1908 hoc
663 1870 822 1913 saciant,
863 1872 1066 1920 prsemium
1099 1874 1289 1908 statuens:
1333 1868 1575 1920 ‘Quicunque
1614 1870 1813 1909 consessus
1852 1871 1967 1909 suerit
1995 1871 2068 1910 me'
2099 1872 2152 1910 in'-

449 1938 547 1986 quit,
582 1944 725 1975 ‘coram
754 1937 994 1979 hominibus,
1038 1943 1074 1975 et
1104 1937 1202 1975 filins
1235 1937 1402 1975 hominis
1433 1937 1679 1975 confitebitur
1716 1937 1822 1976 illum
1851 1950 1980 1976 coram
2015 1937 2190 1988 angelisz'»
2220 1945 2221 1949 ’

391 2002 536 2043 .·.dci.’
588 2008 625 2041 et
655 2016 674 2041 a
705 2009 813 2053 patre
843 2005 896 2043 sic
929 2010 1014 2043 orat
1045 2005 1261 2043 ‘Sanctilica
1291 2015 1357 2041 eos
1388 2004 1425 2041 in
1456 2003 1639 2043 veritate?
1685 2005 1912 2056 Quanquam
1944 2009 2025 2043 erat
2054 2003 2154 2044 civile

450 2069 591 2120 alioqui
620 2069 762 2109 sactum
791 2083 939 2114 meum,
971 2076 1006 2109 et
1036 2071 1349 2110 renumeratione
1379 2069 1441 2108 hic
1471 2083 1625 2122 quoque
1657 2072 1836 2120 dignum:
1883 2083 1972 2110 nam
2001 2072 2032 2110 si
2061 2071 2153 2111 bene
2216 2086 2232 2121 1·-

450 2142 651 2175 merentur
681 2139 746 2187 qui
777 2137 918 2175 alienas
946 2150 1101 2188 quoque
1130 2143 1265 2187 gentes
1294 2150 1314 2175 a
1344 2139 1516 2188 tyrannis
1546 2138 1732 2183 liberant,
1770 2151 1835 2176 eos
1865 2143 1906 2177 ut
1934 2138 2154 2177 habebimus
2226 2154 2232 2171 ι

395 2205 517 2254 .·.qui
554 2205 715 2254 patriam
755 2204 938 2242 adserunt
975 2204 1216 2243 libertatem?
1261 2204 1381 2242 Nimis
1426 2206 1499 2243 iam
1539 2207 1659 2249 enim,
1708 2206 1841 2249 nimis,
1885 2217 1957 2256 pro
1999 2205 2152 2251 Christe,
2220 2214 2226 2230 ¹

447 2270 566 2308 licere
596 2271 655 2308 isti
686 2271 759 2309 sibi
786 2259 1022 2309 arbitrantur
1054 2273 1090 2309 in
1122 2284 1211 2315 nos,
1241 2283 1408 2321 qnorum
1430 2272 1476 2309 de
1501 2271 1677 2310 libertate
1699 2284 1748 2311 ne
1772 2273 1926 2323 quando
1951 2274 2190 2323 1·e1nergat,³⁰
2223 2285 2232 2302 ,-

449 2337 544 2376 adeo
574 2342 663 2376 sunt
692 2338 858 2382 solliciti,
893 2343 934 2376 ut
963 2338 1074 2376 nohis
1105 2339 1270 2376 veritatis
1295 2350 1449 2388 quoqne
1479 2339 1647 2377 studium
1678 2339 1928 2378 interdicant:
1970 2344 2062 2391 quot
2086 2340 2155 2378 iam

449 2416 570 2443 annos
598 2406 700 2443 enim
726 2405 900 2443 tulerunt
928 2406 1121 2452 neminem
1151 2406 1215 2455 qui
1247 2417 1379 2443 verum
1411 2405 1540 2443 dicere
1571 2411 1635 2444 aut
1673 2406 1847 2445 scribere
1885 2418 2001 2445 ausus
2039 2404 2154 2445 esset?

449 2473 567 2510 immo
603 2477 698 2522 quot
725 2473 979 2522 perdiderunt
1008 2474 1073 2523 qui
1103 2473 1259 2511 maioris
1293 2471 1507 2509 faciendam
1547 2472 1734 2522 putabant
1772 2472 2032 2521 evangelicam
2068 2472 2154 2527 seri-

450 2543 623 2588 pturam,
661 2539 721 2577 dei
753 2539 935 2583 verbum,
974 2552 1088 2589 qnam
1118 2539 1343 2589 pontificum
1382 2538 1507 2587 leges,
1544 2539 1744 2577 hominum
1774 2540 2021 2578 traditiones?
2067 2549 2156 2589 quo-

450 2617 538 2644 rum
577 2605 693 2656 aliqui
729 2607 924 2656 proxime,
965 2607 1035 2644 etsi
1071 2618 1149 2644 non
1181 2606 1308 2644 minus
1347 2618 1463 2656 quam
1504 2617 1595 2655 ego,
1635 2607 1784 2645 scirent
1818 2619 1903 2658 quae
1933 2619 2022 2646 vera
2059 2607 2226 2650 sunm-5-

453 2673 540 2722 quia
571 2673 672 2722 apud
703 2685 769 2711 eos
796 2678 924 2711 tamen
953 2673 1040 2724 plus
1068 2674 1255 2723 religione
1284 2672 1399 2712 valuit
1428 2675 1670 2723 superstitio,
1702 2673 1777 2711 illic
1804 2671 2091 2724 trepidaverunt
2112 2670 2154 2711 ti-

454 2751 583 2783 more,
623 2738 690 2777 ubi
731 2749 809 2778 non
844 2745 926 2779 erat
962 2742 1090 2779 timor.
1143 2740 1237 2786 Quae
1271 2752 1359 2779 cum
1390 2753 1411 2778 a
1440 2753 1503 2779 me
1533 2741 1755 2790 longissime
1786 2740 1884 2780 absit
1912 2739 2154 2788 imbecillitas,

544 2893 553 2914 ¹
581 2905 686 2936 quum
705 2897 800 2927 2...4.
819 2896 906 2938 ubz‘q.
977 2894 989 2915 ⁹
1016 2896 1211 2938 adgressus
1228 2898 1325 2928 2...4.
1398 2895 1425 2916 ¹⁰
1449 2907 1517 2928 nee
1542 2895 1633 2938 tim.]
1652 2897 1791 2939 Evang.
1812 2907 1886 2929 see..
1905 2896 2034 2928 Matth.
2052 2891 2153 2927 X.28.

455 2947 482 2968 ¹4
509 2953 651 2983 exstare
671 2953 767 2984 2...4.
841 2951 866 2971 ¹⁷
891 2962 996 2993 paene
1013 2953 1110 2983 2...4.
1191 2951 1216 2971 ¹⁹
1243 2962 1357 2984 causa
1375 2953 1406 2984 4.
1484 2951 1511 2972 ²¹
1537 2953 1663 2993 Ignem
1737 2951 1901 2994 aceend.]
1927 2953 2067 2994 Evang.
2084 2959 2152 2982 seo.

454 3005 543 3035 Luc.
562 3006 643 3038 XII.
662 3006 716 3039 49.
831 3006 859 3027 ²⁴
884 3008 952 3039 hoc
982 3009 1042 3049 qui
1067 3009 1209 3040 faciunt
1229 3010 1261 3040 3.
1274 3010 1306 3040 4.
1424 3007 1543 3050 Quie.]
1567 3009 1656 3039 Luc.
1675 3007 1756 3038 XII.
1775 3006 1807 3039 8.
1829 3008 2016 3039 cthatth.
2041 3007 2083 3037 X.
2101 3003 2151 3036 32.

455 3057 483 3077 ²⁶
509 3059 678 3103 Sanctis]
698 3062 823 3093 Ioann.
842 3063 957 3095 XVII.
979 3063 1029 3094 17.
1117 3064 1343 3105 Quamquam
1361 3065 1456 3095 2...4.
1541 3063 1568 3083 ²⁹
1594 3063 1683 3106 proh
1700 3065 1798 3095 2...4.
1874 3062 1903 3083 ³5
1928 3063 2063 3106 alioqui
2081 3061 2151 3094 3.4.

2193 3230 2200 3345 -‚-,-..-.-
