2232 3568
435 220 531 270 316
559 230 697 264 CXLV.
708 238 876 262 οΑΡΙΤοΝ.
887 237 934 259 AD
949 237 1057 259 Hvr‘r.
1068 236 1124 258 ΕΡ.
1145 226 1302 259 CXLVI.
1313 236 1422 258 parm
1437 236 1519 258 nos.
1531 236 1579 259 An
1593 237 1798 260 1v11.1³F1,vG
1810 232 1967 261 ΕΡ.1).16.
1979 233 2139 265 machin.

433 347 540 375 nator
565 345 601 374 et
626 340 883 379 Consiliarius,
911 339 990 371 sive
1014 339 1113 370 intra
1139 338 1326 371 cancellos
1352 339 1644 371 consiliariorum
1669 340 1806 382 primas
1838 343 1967 373 tenens
2000 341 2140 375 cancel-

433 399 546 430 larius
572 400 626 429 est
651 395 872 428 declaratus.
922 395 1092 437 Suscepit
1125 406 1205 428 eam
1237 385 1488 428 condicionem
1524 396 1700 428 libentius
1735 397 1834 435 ideo,
1874 399 1914 427 ut
1944 397 2140 439 Moguntiae

434 463 572 495 quoque
605 452 922 484 Christianismum
954 451 1152 493 plantaret.
1217 450 1279 483 Sic
1312 453 1408 483 enim
1445 453 1524 494 ipse
1558 452 1715 494 epistola
1749 449 2026 484 ad'Huttenum
2057 455 2141 488 anni

432 509 629 551 superioris
655 518 777 540 mense
794 507 1007 540 Novembri:

543 565 652 603 Iuris
676 565 888 615 Pontificii,
920 568 963 602 ut
985 568 1145 610 vocant,
1177 564 1428 602 Doctoralum
1459 567 1670 613 suscipiam
1681 579 1694 603 .·
1728 569 1894 614 propter
1922 567 2165 604 auctorita-s

432 638 504 671 lem
533 633 711 670 videlicet
735 632 1072 680 comparandam:
1100 642 1258 679 scopum
1287 632 1512 680 subolesce's‚
1549 644 1640 680 prce
1673 634 1812 671 celeris
1845 634 1974 671 multis
2003 643 2142 672 sacro-

432 705 622 738 sanctum.
673 699 783 738 Licet
810 700 965 737 interim
991 700 1068 736 sint
1097 700 1223 746 alique·
1250 700 1318 746 quc·
1346 701 1434 737 vitio
1465 704 1618 737 vertunt
1647 699 1882 748 leeoloyum
1902 711 1985 738 esse
2009 705 2046 738 et
2064 711 2142 739 una

431 769 548 806 simul
571 768 744 805 civilem:
774 768 890 814 quasi
923 766 1135 813 Theoloyus
1162 776 1317 804 necesse
1347 767 1490 804 habeat
1512 778 1659 805 exuere
1682 777 1831 805 omnem
1851 767 2140 805 humanitatem.

523 833 641 865 Suasu
674 843 759 875 ergo
784 833 939 864 Hutteni
972 833 1081 864 amici
1113 833 1261 864 tertium
1285 833 1458 864 Doctoris
1484 833 1635 875 gradum
1655 833 1846 876 'prioribus
1880 833 2061 871 adiunxit,
2099 832 2144 867 oh

435 901 584 923 causam
610 890 826 930 indicatam,
854 892 893 921 ut
919 892 955 921 et
973 889 1109 922 Christi
1134 898 1285 935 regnum
1308 899 1522 931 promovere
1550 892 1586 922 et
1609 888 1807 930 halcyonia
1833 888 2003 922 ecclesiae
2021 888 2142 922 facere
2154 893 2183 920 ιο
2229 909 2232 918 .

432 949 590 990 posset.”

457 1238 592 1259 mm.
1129 1213 1466 1267 CXXXXVI.
1894 1231 1921 1257 0.
2046 1229 2121 1258 1519.
2176 1187 2179 1190 ’

2013 1272 2145 1280 -

757 1329 926 1366 PETRVS
957 1329 1243 1366 MOSELLANVS
1273 1330 1388 1366 IVLIO
1421 1327 1539 1380 [PFL
1552 1326 1633 1380 VG]
1667 1330 1748 1366 SVO
1780 1321 1845 1366 ss

545 1421 666 1469 Nuper
695 1432 776 1457 cum
805 1432 824 1456 a
855 1419 1009 1456 Treviris
1041 1420 1146 1460 meis,
1179 1432 1249 1468 quo
1275 1431 1317 1456 ex
1341 1420 1493 1467 negocio
1520 1421 1673 1468 quodam
1697 1420 1858 1469 principe
1890 1420 1979 1456 benc
2009 1419 2146 1458 favente

434 1479 503 1515 iter
539 1478 781 1517 confeceram,
824 1477 859 1512 in
897 1476 987 1512 hanc
1026 1482 1122 1512 tuam
1159 1477 1310 1524 patriam
1348 1488 1403 1512 me
1442 1477 1655 1524 reciperem,
1704 1477 1785 1513 mali
1825 1476 2010 1524 suspicans
2046 1476 2184 1518 nihil,15

433 1541 567 1571 tantam
597 1546 716 1570 rerum
748 1533 907 1569 omnium
937 1532 1258 1580 permutationem,
1289 1533 1398 1569 immo
1426 1533 1738 1580 perturbationem
1769 1533 1920 1573 offendi,
1950 1538 1989 1568 ut
2013 1533 2145 1570 suhita-

434 1604 521 1627 neos
552 1591 639 1627 adeo
675 1602 795 1625 rerum
824 1589 1059 1625 humanarum
1100 1595 1218 1624 motus
1257 1590 1344 1625 satis
1377 1589 1498 1624 mirari
1529 1601 1601 1625 non
1631 1601 1786 1637 possem.
1847 1601 1927 1625 nam
1961 1589 2080 1625 statim
2109 1594 2178 1627 ut.
2226 1583 2227 1588 ¹

433 1647 668 1696 Erphurdiam
702 1646 736 1682 in
767 1645 949 1682 redeundo
979 1645 1143 1693 perveni,
1176 1645 1276 1682 amici
1310 1657 1400 1693 quos
1432 1645 1504 1681 illic
1534 1646 1648 1682 haheo
1679 1646 1812 1682 multos
1838 1651 1874 1682 et
1904 1657 2072 1693 magnos,
2100 1645 2147 1682 ci-

432 1704 514 1740 vilia
543 1703 665 1752 potius
697 1708 757 1739 aut
787 1701 975 1738 familiaria
1007 1701 1185 1738 Saxonum
1219 1702 1313 1738 inter
1344 1713 1422 1738 sese
1460 1702 1554 1738 bella
1587 1702 1790 1738 narrabant.
1851 1707 1926 1738 tum
1955 1701 2146 1739 litterarias

433 1759 719 1797 conflictationes
744 1758 874 1806 Lipsiae
904 1769 944 1794 ac
969 1758 1248 1805 Wittenhergae‚
1288 1770 1329 1794 ex
1361 1770 1432 1806 quo
1462 1759 1648 1800 abiissem,
1686 1759 1834 1795 samosae
1866 1757 1962 1794 illius
1992 1758 2187 1807 disputa-²⁰

435 1817 542 1852 tionis
582 1816 768 1852 occasione
802 1814 1029 1854 existenteis‚
1071 1826 1110 1851 ac
1154 1814 1230 1850 sine
1270 1814 1338 1850 fine
1376 1815 1672 1863 progredientes,
1708 1827 1859 1863 quarum
1884 1814 2033 1863 etipse
2068 1826 2147 1863 pars

435 1884 551 1908 essem
574 1898 991 1907 ..............
1016 1889 1030 1905 ι
1048 1898 1400 1906 ...........
1424 1883 1463 1907 ac
1483 1883 1568 1907 vero
1600 1871 1892 1919 archiepiscopus
1917 1870 2146 1912 Trevirensis‘,
2165 1901 2178 1916 ,

434 1929 491 1965 cui
525 1928 666 1964 Martini
696 1939 802 1964 causa
832 1939 851 1963 a
880 1927 1048 1975 pontifice
1087 1933 1142 1963 est
1174 1927 1380 1967 commissa,
1420 1927 1556 1963 homini
1598 1939 1670 1964 non
1709 1928 1897 1963 admodum
1936 1926 2011 1963 vult
2047 1926 2146 1964 male.

435 1985 469 2020 id
501 1985 596 2032 quod
627 1996 667 2019 ex
697 1990 822 2020 mutuo
857 1982 1062 2031 colloquio,
1098 1995 1177 2019 cum
1209 1995 1324 2031 nuper
1355 1983 1390 2018 in
1427 1985 1540 2031 patria
1571 1985 1612 2020 ad
1642 1984 1831 2032 prandium
1862 1983 1906 2019 ab
1934 1995 1977 2019 eo
2005 1988 2147 2020 vocatus

435 2052 567 2080 essem,
596 2040 714 2076 didici.
774 2040 837 2075 llic
868 2040 976 2075 heros
1008 2040 1310 2087 prudentissimus
1348 2046 1403 2075 est
1438 2046 1474 2075 et
1511 2041 1618 2076 animi
1651 2040 1755 2088 plane
1786 2039 1924 2088 magni,
1958 2045 1999 2075 ut
2023 2039 2185 2075 Roma-²⁵

436 2108 564 2132 nenses
602 2096 692 2132 istos
732 2096 820 2131 nihil
860 2101 1030 2131 moretur.
1089 2096 1300 2132 Franciscus
1325 2096 1367 2131 de
1399 2096 1606 2144 Syggingcn
1637 2097 1697 2132 illc
1722 2108 1872 2144 magnus
1902 2096 1936 2131 in
1966 2095 2148 2132 Germania

435 2153 564 2188 ductor
593 2152 848 2199 Hogcslratum
886 2163 925 2187 ac
961 2164 1046 2187 suos
1085 2152 1238 2187 sodalcis
1279 2152 1436 2199 graviter
1468 2159 1590 2200 urget,
1632 2164 1703 2200 quo
1736 2152 1907 2201 Capnioni
1940 2157 2067 2188 nostro
2098 2150 2146 2188 rei

435 2208 620 2244 familiaris
655 2208 844 2248 iacturam,
889 2219 994 2255 quam
1032 2213 1184 2256 propffl*
1224 2219 1286 2244 eos
1326 2208 1427 2248 fecit,
1472 2209 1565 2245 intra
1603 2214 1735 2245 statum
1766 2214 1907 2256 tempus
1944 2208 2146 2248 resarciant,

434 2265 569 2312 alioqui
607 2275 645 2300 se
685 2276 746 2300 cos
782 2264 919 2312 pariter
955 2270 990 2299 ct
1029 2264 1278 2301 Coloniensem
1321 2275 1431 2312 remp.
1462 2265 1697 2301 afflicturum:
1744 2264 1902 2301 devoluti
1935 2264 2029 2300 enim
2067 2268 2148 2300 sunt

434 2321 559 2357 hostes
589 2320 774 2356 Reuchlini
810 2320 845 2355 in
872 2331 1105 2367 expensarum
1134 2321 1469 2356 condemnationem
1500 2327 1540 2357 ut
1570 2327 1707 2358 vocant.
1767 2321 1942 2369 Ulrychus
1972 2320 2186 2357 Huttenusso

434 2377 607 2425 principis
638 2376 692 2412 sui
722 2376 899 2412 sumtibus
930 2376 1124 2423 Moguntiae
1152 2376 1259 2412 trium
1283 2376 1484 2424 linguarum
1516 2377 1673 2413 scholam
1707 2378 1868 2413 adornat.
1914 2376 2018 2413 Vides
2047 2387 2147 2424 quam

434 2433 556 2481 paucis
587 2433 689 2468 annis
722 2438 795 2468 tota
823 2432 1010 2468 Germania
1040 2432 1179 2468 litteras
1207 2433 1357 2480 emporii
1388 2432 1565 2481 amplecti.
1612 2433 1654 2469 Et
1685 2433 1719 2469 in
1751 2434 1816 2470 hac
1847 2433 1950 2469 laude
1971 2431 2147 2469 Friderico

434 2489 589 2537 principi
622 2489 771 2526 electori
801 2488 926 2537 primae
956 2488 1132 2525 debentur
1163 2517 1484 2524 ...........
1544 2490 1665 2526 Misnae
1697 2496 1822 2526 octavo
1856 2489 1963 2526 Eidus
1989 2487 2146 2525 Decemb.

434 2546 499 2581 An.
530 2545 572 2580 M.
584 2545 620 2580 D.
632 2545 714 2581 xlx.
775 2545 916 2593 Raptim
945 2556 985 2581 ac
1015 2545 1221 2586 celerrime,
1256 2550 1296 2581 ut
1327 2545 1434 2581 vides.

437 2710 666 2742 CXXXXVI.
703 2711 758 2742 Ex
783 2710 886 2742 Petri
910 2710 1107 2742 Mosellani
1136 2710 1273 2742 litteris
1300 2711 1345 2742 ad
1370 2710 1502 2742 Iulium
1527 2712 1708 2753 Pflugium
1734 2711 1778 2743 de
1804 2711 2053 2753 disputatione
2076 2710 2145 2742 Ln-

436 2766 529 2798 theri
555 2777 634 2798 cum
658 2767 771 2798 Eccio
795 2766 934 2808 Lipsiae
958 2766 1088 2798 habita
1115 2777 1148 2798 a.
1168 2766 1266 2798 1519.
1294 2777 1337 2798 ex
1362 2759 1593 2809 αὕτογροὶφῳ
1617 2767 1812 2810 descriptis
1837 2767 1873 2798 in
1898 2767 1950 2799 Io.
1977 2764 2147 2798 Schilteri

535 2822 578 2853 de
603 2822 777 2854 libertate
804 2822 1042 2854 ecclesiarum
1069 2822 1275 2854 Germaniae
1301 2822 1364 2853 lib.
1384 2822 1464 2854 VII.
1491 2822 1590 2854 Ienae
1612 2822 1708 2855 1683.
1735 2823 1781 2854 4⁰.
1808 2834 1842 2864 p.
1861 2821 2047 2855 840...852.

1074 2877 1092 2897 ο
1292 2869 1307 2874 “

529 2921 554 2942 ¹¹
579 2921 755 2964 Treviris]
782 2924 913 2955 Petrus
938 2923 1082 2955 Schade
1108 2924 1145 2955 in
1170 2924 1252 2955 vico
1277 2923 1424 2966 Bruttig
1450 2923 1495 2955 ad
1519 2923 1727 2963 Mosellam,
1755 2923 1883 2955 circuli
1907 2922 2144 2955 Kochemien·

437 2978 504 3017 sis,
531 2978 733 3010 dioeceseos
758 2979 1006 3019 Trevirensis,
1040 2982 1148 3011 natus
1174 2979 1260 3018 fuit,
1294 2979 1389 3010 unde
1413 2979 1651 3021 Protegensis
1677 2979 1944 3021 adpellabatur.
2037 2976 2067 2997 ²⁷
2090 2975 2144 3009 Cf.

439 3033 560 3065 adnot.
578 3045 613 3076 p.
631 3033 708 3066 320.
727 3034 750 3069 i.
769 3035 794 3066 f.
