2232 3568
433 191 527 237 342
578 200 702 231 CLXI.
731 209 877 230 PIRGKH.
893 208 940 228 AD
957 207 1141 228 ERASMVM.
1160 207 1216 228 ΕΡ.
1244 196 1389 249 CLXJL
1407 207 1540 228 ADELM.
1555 207 1603 228 AD
1621 208 1770 229 Pmoun.
1790 209 1844 229 ΕΡ.
1864 208 1897 230 D.
1914 204 1940 231 3.
1960 210 2036 232 mu.
2057 207 2131 235 1520.

431 315 509 354 isti,
549 314 615 348 nisi
647 317 746 347 certo
777 311 910 346 certius
939 316 1200 357 cognoscerent
1235 316 1269 346 te
1301 310 1502 346 eruditione
1539 322 1578 346 ac
1617 311 1796 358 probitate
1834 312 2134 354 immortalitatem

431 370 538 405 etiam
567 368 741 403 viventem
767 366 936 402 induisse.
994 366 1128 402 lterum
1158 366 1244 402 vale.
1303 366 1557 413 Nurenbergae.
1583 367 1698 414 pridie
1723 367 1863 403 Calend.
1888 367 2005 404 Maias.

1245 423 1341 458 Tuus
1366 421 1559 458 Bilibaldus
1582 422 1909 471 Pie1·[·kl1ey111erus.

542 500 627 536 Cum
656 500 732 536 baee
762 500 1008 548 scripsissem,
1035 500 1169 536 certior
1200 500 1314 536 sactus
1344 511 1422 535 sum
1443 499 1755 548 Oecolompadium
1782 507 1945 537 nostrum
1969 502 2136 550 vigesimo

431 557 536 593 tertio
567 556 678 603 April.
711 556 922 592 monachum
948 567 1027 592 esse
1058 556 1208 595 sactum,
1246 556 1281 592 in
1316 556 1533 592 monasterio
1567 556 1766 592 Servatoris
1803 557 1899 593 iuxta
1929 558 2160 606 Augustam&

431 612 566 649 ordinis
595 618 726 647 sanctie
756 611 927 659 Brigidae,
970 613 1005 648 in
1037 623 1106 660 quo
1142 611 1310 648 mulieres
1341 611 1475 659 primas
1517 618 1638 648 tenere
1669 618 1942 649 consueverunt.
2003 614 2137 654 Utinam

430 669 497 703 sibi
526 667 658 704 rectius
691 667 943 705 consuluisset.

521 789 694 820 Eiusdem
721 788 886 835 epistolae
912 789 1105 820 immutata
1131 789 1247 821 forma
1275 792 1376 820 extat
1401 789 1513 820 etiam
1540 789 1576 819 in

611 844 647 885 a)
672 844 940 876 Pirckheimeri
957 844 1050 887 Opp.
1068 845 1191 876 Ffurti
1210 843 1306 876 1010.
1327 844 1388 875 fol.
1414 855 1447 886 p.
1466 837 1661 875 402...404.'

609 900 648 940 b)
672 901 816 932 Erasini
832 901 924 943 Epp.
942 901 1059 943 Lugd.
1077 902 1160 932 Bat.
1180 900 1276 932 1706.
1297 900 1358 932 fol.
1379 900 1461 932 coll.
1480 899 1663 932 (317...ss19.
1683 911 1716 932 n.
1736 911 1836 932 num.
1863 900 1975 943 (quam
1991 912 2043 944 ep.
2062 913 2178 945 ean-10

432 958 505 987 dem
529 967 601 988 esse
628 961 726 999 atque
750 960 957 998 superiorem
982 968 1066 988 mem.
1087 959 1169 986 DIV.
1189 961 1364 998 repellerem
1385 957 1550 993 Clericus,
1577 960 1609 987 ut
1631 956 1699 996 fnit
1717 958 2020 998 neyleyentz'ssimus
2036 957 2138 992 Eras-

432 1015 586 1044 mi'eorum
608 1014 809 1054 scriptorum
833 1015 959 1051 editor,
993 1024 1057 1044 mm
1083 1014 1346 1053 animadvertit).
1395 1013 1579 1044 Sec-tamma
1611 1012 1712 1049 Itane,
1747 1016 1781 1043 ut
1805 1013 1882 1044 mihi
1905 1014 2033 1055 quidem
2055 1016 2139 1048 vide-

433 1073 502 1106 tur,
529 1072 683 1110 epistola)
704 1071 853 1110 priorem
879 1070 1133 1101 delineationem
1156 1080 1263 1110 supra
1286 1071 1424 1110 repetiti
1447 1071 1513 1100 Ioci
1534 1072 1630 1099 sunt:

1053 1149 1300 1185 BILIBALDVS
1330 1149 1514 1185 ERASMO.

546 1227 652 1263 Recte
678 1227 763 1263 fecit
786 1228 1011 1263 necessarius
1042 1227 1101 1262 ille
1132 1240 1250 1267 meus,
1283 1228 1378 1275 qnod
1414 1233 1448 1263 te
1478 1227 1680 1274 Antverpiae
1709 1227 1875 1263 convenit
1904 1233 1941 1263 et
1973 1239 2051 1264 meo
2079 1232 2180 1271 tle-‘15

433 1284 527 1318 mine
558 1282 725 1318 salutavit
755 1311 1020 1318 .........
1080 1284 1244 1318 Ceterum
1279 1283 1486 1319 invectivam
1516 1283 1620 1330 Angli
1658 1283 1754 1319 illius
1788 1295 1853 1319 nec
1890 1295 1961 1319 non
1997 1295 2140 1333 respon-

433 1339 570 1374 sionem
602 1345 698 1374 tuam
724 1339 808 1386 legi.
856 1340 953 1376 Scire
984 1339 1085 1387 cupis
1114 1339 1197 1386 quid
1229 1339 1391 1375 sentiam.
1435 1339 1569 1374 Vellem
1595 1345 1634 1375 ut
1665 1340 1809 1375 omnino
1842 1360 2137 1388 “—-†·-—

433 1395 681 1442 respondisses
709 1423 1624 1430 .............................
1680 1396 1783 1435 Nam,
1816 1406 1894 1443 per·
1911 1395 2140 1433 immortalem

433 1452 556 1491 deum,
595 1451 651 1486 cui
682 1451 766 1487 boni
795 1451 992 1487 nebulones
1029 1452 1089 1487 isti
1120 1463 1275 1499 unquam
1306 1452 1570 1499 pepercerunt?
1613 1452 1730 1499 Atque
1762 1458 1801 1487 ut
1830 1452 2024 1488 vetustiora
2054 1463 2142 1500 prae-

434 1513 629 1547 tereamus,
678 1508 758 1555 quis
802 1508 944 1555 ignorat
986 1520 1090 1555 quam
1135 1508 1314 1554 perversis
1356 1508 1494 1543 technis
1532 1514 1568 1544 et
1606 1507 1789 1543 sceleratis
1825 1505 2181 1549 macliinationibusm
2227 1540 2232 1546 .

432 1552 635 1611 optimo-et
665 1564 874 1600 doctissimo
901 1564 1072 1612 Capnioni
1104 1563 1307 1599 illuserint?
1353 1570 1392 1599 ut
1425 1564 1567 1600 interim
1604 1563 1728 1599 sileam
1760 1564 1892 1612 probra
1925 1569 1962 1600 et
1990 1564 2143 1602 convicia

433 1631 512 1667 qum
543 1619 579 1654 in
611 1631 828 1667 generosum
855 1620 960 1656 Nova}
992 1619 1131 1667 Aquilze
1165 1620 1349 1660 comitem,
1388 1620 1604 1660 lluttenum,
1648 1632 1702 1655 me
1738 1626 1774 1655 et
1805 1631 1927 1656 omnes
1958 1620 2142 1668 Capnionis

433 1675 565 1711 amieos
595 1676 847 1712 eructaverint.
907 1676 1072 1720 Qninimo
1112 1676 1241 1712 invidia
1275 1676 1443 1723 exagitati
1481 1688 1545 1712 nec
1574 1690 1593 1712 a
1624 1676 1678 1711 sui
1711 1676 1847 1711 ordinis
1874 1675 2054 1712 abstinent
2083 1676 2143 1713 lio-

433 1731 608 1767 minibus:
656 1744 736 1767 nam
768 1739 901 1780 pra³ter
931 1738 1051 1769 cetera
1082 1733 1165 1779 quid
1197 1733 1412 1768 intentatum
1446 1732 1641 1780 reliquere,
1673 1739 1712 1768 ut
1739 1733 1854 1768 divam
1881 1732 2024 1768 Mariam
2053 1732 2143 1780 Mag-

433 1787 594 1823 ‹lalenam
629 1789 801 1824 assertori
841 1801 906 1824 sno
943 1788 1057 1825 Fahro
1092 1789 1275 1836 eriperent
1318 1801 1356 1824 ac
1397 1801 1477 1824 cum
1519 1788 1906 1836 turpissi11ns„s‹:01·tis
1943 1788 1978 1823 in
2014 1787 2181 1826 olidumzs

435 1843 584 1891 lupanar
612 1845 863 1885 detruderent,
895 1857 975 1881 eum
1005 1850 1124 1880 tamen
1154 1845 1275 1892 potius
1303 1845 1446 1880 decoret
1479 1845 1512 1880 in
1543 1856 1580 1880 re
1609 1850 1679 1880 tam
1705 1845 1810 1881 dubia
1835 1856 1911 1881 eam
1942 1844 2042 1892 sequi
2072 1843 2145 1892 opiv

435 1899 594 1940 itionem,
635 1913 714 1948 quie
752 1901 794 1937 ad
831 1902 1000 1949 pietatem
1032 1901 1216 1937 accederet
1245 1901 1407 1948 propius.
1467 1900 1552 1945 Qua*
1580 1912 1661 1936 vero
1689 1907 1815 1937 contra
1846 1901 2042 1936 Lutlierum
2071 1899 2144 1936 ausi

435 1961 536 1995 sunt,
567 1956 721 1992 forsitan
752 1963 869 1993 tacere
898 1963 1046 2005 prwstat
1077 1985 1859 1992 .........................
1922 1957 1973 1992 Tu
2007 1955 2144 1992 iuterim

434 2011 524 2046 bene
556 2011 650 2052 vale,
693 2012 837 2049 Erasme
873 2014 1024 2061 optime,
1065 2026 1103 2049 ac
1143 2013 1273 2048 iterum
1304 2013 1510 2049 memineris
1542 2019 1575 2049 te
1608 2013 1758 2049 swlieem
1795 2013 1995 2049 invidorum
2023 2017 2144 2048 contu·

435 2066 550 2102 meliis
580 2080 676 2108 esse,
720 2069 779 2116 qui
812 2081 993 2117 nunquam
1024 2069 1146 2105 londes
1180 2075 1260 2105 tuas
1291 2075 1361 2105 tam
1398 2069 1549 2105 moleste
1585 2071 1737 2109 ferrent,
1779 2070 1846 2105 nisi
1878 2074 1977 2105 certo
2013 2067 2182 2104 certiusw

433 2130 712 2169 cognoscerem,
754 2125 796 2160 de
827 2126 1029 2161 eruditione
1069 2138 1107 2162 ae
1148 2125 1327 2174 probitate
1367 2125 1694 2166 immortalitatem,
1737 2131 1771 2161 et
1805 2125 1946 2173 quidem
1977 2124 2142 2160 viventem

435 2179 604 2216 induisse.
665 2180 861 2218 Gulielmus
892 2182 1052 2217 Ncsenus
1087 2181 1150 2217 tibi
1177 2182 1265 2217 Lzeti
1297 2182 1430 2230 scripta
1460 2182 1567 2218 misit.
1626 2182 1758 2218 lterum
1790 2181 1874 2218 vale.

458 2443 635 2466 AVGVSTAE
653 2445 962 2468 vmmzmconvms
1185 2423 1390 2472 CLXII.
1901 2441 1928 2467 3.
1948 2444 2026 2467 ΜΑΙ.
2048 2439 2120 2466 1520.

614 2539 900 2575 BERMIARDVS
930 2538 1165 2574 ADELMANN
1196 2540 1247 2575 DE
1278 2539 1704 2575 ADELMANNSFELDEN
1735 2540 1974 2576 CANoMCVS

921 2604 1188 2636 BILIBALDO
1213 2604 1597 2636 PIRCKHEYMERO
1624 2605 1658 2636 S.
2152 2607 2183 2635 3⁵

549 2684 647 2727 Quod
675 2685 810 2731 gratias
841 2685 908 2720 deo
938 2684 1049 2720 babes
1079 2685 1113 2720 iu
1147 2685 1292 2721 adversa
1324 2691 1384 2721 tua
1413 2685 1634 2725 valetudine,
1663 2685 1891 2721 commendo:
1935 2695 2014 2721 nam
2036 2683 2144 2718 virtus

439 2740 471 2775 in
499 2741 703 2777 infirmitate
727 2740 923 2789 perficitur.
984 2741 1075 2777 Bene
1103 2753 1245 2789 quoque
1274 2742 1386 2777 sentis
1417 2741 1521 2777 nobis
1550 2753 1621 2777 non
1647 2746 1763 2777 tutum
1793 2752 1890 2782 esse,
1919 2746 1959 2777 ut
1986 2739 2144 2786 dialogus

740 2860 886 2892 CLXII.
911 2861 1117 2892 Heumann.
1144 2860 1273 2899 (Indie.
1291 2861 1462 2903 bibliogr.
1481 2872 1516 2893 n.
1535 2861 1606 2901 70.)
1624 2873 1658 2903 p.
1679 2861 1751 2893 194.
1771 2871 1847 2903 sqq.

526 2948 540 2968 ²
569 2950 814 2992 Norenbergae
840 2953 936 2983 1...4.
985 2951 1227 2993 Norimberga
1251 2951 1306 2984 30.
1326 2952 1473 2993 Aprilis,
1500 2952 1603 2984 Anno
1624 2950 1720 2983 1520.
1748 2954 1780 2983 5.
1851 2949 1864 2970 ³
1887 2949 2145 2990 Pierkheymer

440 3006 536 3036 1...4.
607 3005 904 3039 Pirckheimerus
922 3008 954 3038 5.
1025 3005 1084 3026 4··’7
1109 3006 1164 3038 Cf.
1184 3017 1218 3039 n.
1239 3007 1402 3039 CLXIII.
1480 3005 1509 3026 ³²
1532 3007 1692 3039 Norimb.
1711 3007 1813 3038 Anno
1834 3005 1929 3038 1520.
1949 3006 2027 3038 add.
2042 3006 2078 3037 2.

527 3059 556 3078 ³⁷
581 3060 666 3092 dial.
686 3060 818 3104 dedol.]
837 3063 971 3095 Eecius
996 3062 1206 3104 dedolatus,
1234 3063 1402 3106 dialogus
1428 3061 1716 3105 [Pirekheimero
1743 3059 1918 3103 auctoreJ.
