<?xml version="1.0" encoding="UTF-8"?>
<!DOCTYPE html PUBLIC "-//W3C//DTD XHTML 1.0 Transitional//EN"
    "http://www.w3.org/TR/xhtml1/DTD/xhtml1-transitional.dtd">
<html xmlns="http://www.w3.org/1999/xhtml" xml:lang="en" lang="en">
 <head>
  <title>
</title>
<meta http-equiv="Content-Type" content="text/html;charset=utf-8" />
  <meta name='ocr-system' content='tesseract 3.04.00' />
  <meta name='ocr-capabilities' content='ocr_page ocr_carea ocr_par ocr_line ocrx_word'/>
</head>
<body>
  <div class='ocr_page' id='page_1' title='image "./operaquaereperir01huttuoft_0412.png"; bbox 0 0 2232 3568; ppageno 0'>
   <div class='ocr_carea' id='block_1_1' title="bbox 364 596 423 628">
    <p class='ocr_par' dir='ltr' id='par_1_1' title="bbox 364 596 423 628">
     <span class='ocr_line' id='line_1_1' title="bbox 364 596 423 628; baseline -0.068 0"><span class='ocrx_word' id='word_1_1' title='bbox 364 596 387 628; x_wconf 64' lang='grc' dir='ltr'>ἕ.</span> <span class='ocrx_word' id='word_1_2' title='bbox 399 598 423 624; x_wconf 86' lang='lat'>3.</span> 
     </span>
    </p>
   </div>
   <div class='ocr_carea' id='block_1_2' title="bbox 361 929 421 962">
    <p class='ocr_par' dir='ltr' id='par_1_2' title="bbox 361 929 421 962">
     <span class='ocr_line' id='line_1_2' title="bbox 361 929 421 962; baseline -0.05 -2"><span class='ocrx_word' id='word_1_3' title='bbox 361 929 421 962; x_wconf 46' lang='lat' dir='ltr'>§.Q</span> 
     </span>
    </p>
   </div>
   <div class='ocr_carea' id='block_1_3' title="bbox 361 1133 421 1164">
    <p class='ocr_par' dir='ltr' id='par_1_3' title="bbox 361 1133 421 1164">
     <span class='ocr_line' id='line_1_3' title="bbox 361 1133 421 1164; baseline -0.033 -3"><span class='ocrx_word' id='word_1_4' title='bbox 361 1133 385 1164; x_wconf 86' lang='lat'>§.</span> <span class='ocrx_word' id='word_1_5' title='bbox 397 1135 421 1160; x_wconf 85' lang='lat'>5.</span> 
     </span>
    </p>
   </div>
   <div class='ocr_carea' id='block_1_4' title="bbox 360 1530 418 1562">
    <p class='ocr_par' dir='ltr' id='par_1_4' title="bbox 360 1530 418 1562">
     <span class='ocr_line' id='line_1_4' title="bbox 360 1530 418 1562; baseline -0.069 0"><span class='ocrx_word' id='word_1_6' title='bbox 360 1530 384 1562; x_wconf 83' lang='lat'>§.</span> <span class='ocrx_word' id='word_1_7' title='bbox 393 1532 418 1559; x_wconf 84' lang='lat'>6.</span> 
     </span>
    </p>
   </div>
   <div class='ocr_carea' id='block_1_5' title="bbox 376 1789 2146 1847">
    <p class='ocr_par' dir='ltr' id='par_1_5' title="bbox 376 1789 2146 1847">
     <span class='ocr_line' id='line_1_5' title="bbox 376 1789 2146 1847; baseline -0.003 -13"><span class='ocrx_word' id='word_1_8' title='bbox 376 1795 492 1834; x_wconf 81' lang='lat' dir='ltr'>-&#39;-Me</span> <span class='ocrx_word' id='word_1_9' title='bbox 524 1795 679 1847; x_wconf 87' lang='lat' dir='ltr'>quidem</span> <span class='ocrx_word' id='word_1_10' title='bbox 710 1806 823 1833; x_wconf 90' lang='lat' dir='ltr'>suum</span> <span class='ocrx_word' id='word_1_11' title='bbox 854 1793 1021 1844; x_wconf 82' lang='lat' dir='ltr'>appellat</span> <span class='ocrx_word' id='word_1_12' title='bbox 1050 1792 1163 1837; x_wconf 91' lang='lat' dir='ltr'>inibi,</span> <span class='ocrx_word' id='word_1_13' title='bbox 1209 1796 1317 1831; x_wconf 87' lang='lat' dir='ltr'>ratus</span> <span class='ocrx_word' id='word_1_14' title='bbox 1354 1792 1409 1830; x_wconf 88' lang='lat' dir='ltr'>sic</span> <span class='ocrx_word' id='word_1_15' title='bbox 1446 1791 1530 1830; x_wconf 84' lang='lat' dir='ltr'>sore</span> <span class='ocrx_word' id='word_1_16' title='bbox 1567 1796 1611 1831; x_wconf 91' lang='lat' dir='ltr'>ut</span> <span class='ocrx_word' id='word_1_17' title='bbox 1640 1803 1719 1830; x_wconf 88' lang='lat' dir='ltr'>non</span> <span class='ocrx_word' id='word_1_18' title='bbox 1757 1792 1919 1830; x_wconf 84' lang='lat' dir='ltr'>sentiam</span> <span class='ocrx_word' id='word_1_19' title='bbox 1949 1789 2058 1830; x_wconf 85' lang='lat' dir='ltr'>occul</span> <span class='ocrx_word' id='word_1_20' title='bbox 2083 1799 2104 1825; x_wconf 70' lang='grc' dir='ltr'>ι·</span> <span class='ocrx_word' id='word_1_21' title='bbox 2143 1813 2146 1820; x_wconf 90' lang='lat'>·</span> 
     </span>
    </p>
   </div>
   <div class='ocr_carea' id='block_1_6' title="bbox 439 205 1813 252">
    <p class='ocr_par' dir='ltr' id='par_1_6' title="bbox 439 205 1813 252">
     <span class='ocr_line' id='line_1_6' title="bbox 439 205 1813 252; baseline -0.012 0"><span class='ocrx_word' id='word_1_22' title='bbox 439 205 536 252; x_wconf 79' lang='lat'>224</span> <span class='ocrx_word' id='word_1_23' title='bbox 777 209 884 241; x_wconf 83' lang='lat' dir='ltr'>XCV.</span> <span class='ocrx_word' id='word_1_24' title='bbox 912 217 1074 239; x_wconf 69' lang='lat' dir='ltr'>an‘rnm</span> <span class='ocrx_word' id='word_1_25' title='bbox 1092 216 1140 238; x_wconf 74' lang='lat' dir='ltr'>AD</span> <span class='ocrx_word' id='word_1_26' title='bbox 1158 215 1263 238; x_wconf 59' lang='lat' dir='ltr'>inu-1..</span> <span class='ocrx_word' id='word_1_27' title='bbox 1284 215 1415 238; x_wconf 66' lang='lat' dir='ltr'>iucivii</span> <span class='ocrx_word' id='word_1_28' title='bbox 1433 216 1488 237; x_wconf 72' lang='grc' dir='ltr'>ΕΡ.</span> <span class='ocrx_word' id='word_1_29' title='bbox 1515 215 1549 237; x_wconf 85' lang='lat' dir='ltr'>D.</span> <span class='ocrx_word' id='word_1_30' title='bbox 1569 211 1612 237; x_wconf 82' lang='lat'>13.</span> <span class='ocrx_word' id='word_1_31' title='bbox 1632 214 1715 237; x_wconf 71' lang='lat' dir='ltr'>nov.</span> <span class='ocrx_word' id='word_1_32' title='bbox 1737 211 1813 238; x_wconf 72' lang='lat'>1513.</span> 
     </span>
    </p>
   </div>
   <div class='ocr_carea' id='block_1_7' title="bbox 434 316 2198 1376">
    <p class='ocr_par' dir='ltr' id='par_1_7' title="bbox 434 316 2198 1104">
     <span class='ocr_line' id='line_1_7' title="bbox 439 316 2138 374; baseline -0.006 -9"><span class='ocrx_word' id='word_1_33' title='bbox 439 338 515 365; x_wconf 92' lang='lat' dir='ltr'>non</span> <span class='ocrx_word' id='word_1_34' title='bbox 547 325 634 374; x_wconf 86' lang='lat' dir='ltr'>quia</span> <span class='ocrx_word' id='word_1_35' title='bbox 666 320 783 359; x_wconf 88' lang='lat' dir='ltr'>nolim</span> <span class='ocrx_word' id='word_1_36' title='bbox 813 318 871 357; x_wconf 83' lang='lat' dir='ltr'>vel</span> <span class='ocrx_word' id='word_1_37' title='bbox 903 317 1144 356; x_wconf 82' lang='lat' dir='ltr'>cucurbitam</span> <span class='ocrx_word' id='word_1_38' title='bbox 1175 316 1352 359; x_wconf 85' lang='lat' dir='ltr'>laudare,</span> <span class='ocrx_word' id='word_1_39' title='bbox 1393 318 1423 356; x_wconf 89' lang='lat' dir='ltr'>si</span> <span class='ocrx_word' id='word_1_40' title='bbox 1460 322 1501 355; x_wconf 91' lang='lat' dir='ltr'>tu</span> <span class='ocrx_word' id='word_1_41' title='bbox 1539 317 1730 367; x_wconf 82' lang='lat' dir='ltr'>postules,</span> <span class='ocrx_word' id='word_1_42' title='bbox 1770 322 1835 355; x_wconf 84' lang='lat' dir='ltr'>aut</span> <span class='ocrx_word' id='word_1_43' title='bbox 1865 316 1928 355; x_wconf 88' lang='lat' dir='ltr'>ille</span> <span class='ocrx_word' id='word_1_44' title='bbox 1957 329 2035 356; x_wconf 88' lang='lat' dir='ltr'>non</span> <span class='ocrx_word' id='word_1_45' title='bbox 2073 337 2102 363; x_wconf 28' lang='grc' dir='ltr'>«κ,</span> <span class='ocrx_word' id='word_1_46' title='bbox 2122 330 2138 363; x_wconf 88' lang='lat'>&#39;.</span> 
     </span>
     <span class='ocr_line' id='line_1_8' title="bbox 438 383 2074 437; baseline -0.007 -7"><span class='ocrx_word' id='word_1_47' title='bbox 438 397 588 433; x_wconf 63' lang='lat' dir='ltr'>reatum</span> <span class='ocrx_word' id='word_1_48' title='bbox 621 387 688 425; x_wconf 87' lang='lat' dir='ltr'>sed</span> <span class='ocrx_word' id='word_1_49' title='bbox 720 387 807 437; x_wconf 85' lang='lat' dir='ltr'>quia</span> <span class='ocrx_word' id='word_1_50' title='bbox 838 386 1032 435; x_wconf 83' lang='lat' dir='ltr'>ingratum</span> <span class='ocrx_word' id='word_1_51' title='bbox 1062 383 1115 422; x_wconf 91' lang='lat' dir='ltr'>illi</span> <span class='ocrx_word' id='word_1_52' title='bbox 1146 384 1319 422; x_wconf 85' lang='lat' dir='ltr'>futurum</span> <span class='ocrx_word' id='word_1_53' title='bbox 1341 385 1420 422; x_wconf 89' lang='lat' dir='ltr'>scio</span> <span class='ocrx_word' id='word_1_54' title='bbox 1441 395 1461 421; x_wconf 85' lang='lat' dir='ltr'>a</span> <span class='ocrx_word' id='word_1_55' title='bbox 1483 396 1546 422; x_wconf 90' lang='lat' dir='ltr'>me</span> <span class='ocrx_word' id='word_1_56' title='bbox 1568 383 1750 435; x_wconf 86' lang='lat' dir='ltr'>quicquid</span> <span class='ocrx_word' id='word_1_57' title='bbox 1771 385 1984 433; x_wconf 81' lang='lat' dir='ltr'>acceperit;</span> <span class='ocrx_word' id='word_1_58' title='bbox 2013 395 2074 423; x_wconf 40' lang='lat' dir='ltr'>ns:</span> 
     </span>
     <span class='ocr_line' id='line_1_9' title="bbox 438 445 2145 508; baseline -0.006 -13"><span class='ocrx_word' id='word_1_59' title='bbox 438 469 512 508; x_wconf 85' lang='lat' dir='ltr'>qua</span> <span class='ocrx_word' id='word_1_60' title='bbox 542 459 607 494; x_wconf 87' lang='lat' dir='ltr'>aut</span> <span class='ocrx_word' id='word_1_61' title='bbox 636 453 736 492; x_wconf 87' lang='lat' dir='ltr'>illius</span> <span class='ocrx_word' id='word_1_62' title='bbox 767 453 947 501; x_wconf 88' lang='lat' dir='ltr'>opinione</span> <span class='ocrx_word' id='word_1_63' title='bbox 977 456 1042 489; x_wconf 83' lang='lat' dir='ltr'>aut</span> <span class='ocrx_word' id='word_1_64' title='bbox 1071 462 1156 489; x_wconf 87' lang='lat' dir='ltr'>mea</span> <span class='ocrx_word' id='word_1_65' title='bbox 1185 451 1353 488; x_wconf 82' lang='lat' dir='ltr'>fortuna.</span> <span class='ocrx_word' id='word_1_66' title='bbox 1413 452 1516 495; x_wconf 89' lang='lat' dir='ltr'>scio,</span> <span class='ocrx_word' id='word_1_67' title='bbox 1549 462 1627 488; x_wconf 90' lang='lat' dir='ltr'>uon</span> <span class='ocrx_word' id='word_1_68' title='bbox 1650 450 1760 489; x_wconf 86' lang='lat' dir='ltr'>facile</span> <span class='ocrx_word' id='word_1_69' title='bbox 1781 450 1908 489; x_wconf 87' lang='lat' dir='ltr'>credis</span> <span class='ocrx_word' id='word_1_70' title='bbox 1929 450 2088 502; x_wconf 82' lang='lat' dir='ltr'>quod.</span> <span class='ocrx_word' id='word_1_71' title='bbox 2142 445 2145 451; x_wconf 83' lang='grc'><strong>’</strong></span> 
     </span>
     <span class='ocr_line' id='line_1_10' title="bbox 438 515 2138 567; baseline -0.006 -5"><span class='ocrx_word' id='word_1_72' title='bbox 438 524 546 562; x_wconf 83' lang='lat' dir='ltr'>ham:</span> <span class='ocrx_word' id='word_1_73' title='bbox 578 520 680 559; x_wconf 91' lang='lat' dir='ltr'>soles</span> <span class='ocrx_word' id='word_1_74' title='bbox 709 524 749 558; x_wconf 86' lang='lat' dir='ltr'>tu</span> <span class='ocrx_word' id='word_1_75' title='bbox 780 519 882 557; x_wconf 86' lang='lat' dir='ltr'>euim</span> <span class='ocrx_word' id='word_1_76' title='bbox 913 518 1043 556; x_wconf 79' lang='lat' dir='ltr'>dicere</span> <span class='ocrx_word' id='word_1_77' title='bbox 1072 516 1203 555; x_wconf 83' lang='lat' dir='ltr'>literas</span> <span class='ocrx_word' id='word_1_78' title='bbox 1233 529 1364 556; x_wconf 85' lang='lat' dir='ltr'>amare</span> <span class='ocrx_word' id='word_1_79' title='bbox 1394 517 1502 556; x_wconf 88' lang='lat' dir='ltr'>illum</span> <span class='ocrx_word' id='word_1_80' title='bbox 1533 522 1571 556; x_wconf 88' lang='lat' dir='ltr'>et</span> <span class='ocrx_word' id='word_1_81' title='bbox 1599 518 1753 567; x_wconf 85' lang='lat' dir='ltr'>ingenia</span> <span class='ocrx_word' id='word_1_82' title='bbox 1792 515 2014 566; x_wconf 81' lang='lat' dir='ltr'>complecti:</span> <span class='ocrx_word' id='word_1_83' title='bbox 2055 531 2089 553; x_wconf 68' lang='lat'>:..-·</span> <span class='ocrx_word' id='word_1_84' title='bbox 2136 532 2138 535; x_wconf 37' lang='lat' dir='ltr'>v</span> 
     </span>
     <span class='ocr_line' id='line_1_11' title="bbox 439 576 2113 634; baseline -0.005 -6"><span class='ocrx_word' id='word_1_85' title='bbox 439 591 528 628; x_wconf 90' lang='lat' dir='ltr'>bam</span> <span class='ocrx_word' id='word_1_86' title='bbox 549 594 698 630; x_wconf 82' lang='lat' dir='ltr'>tamen,</span> <span class='ocrx_word' id='word_1_87' title='bbox 731 591 786 629; x_wconf 87' lang='lat' dir='ltr'>et,</span> <span class='ocrx_word' id='word_1_88' title='bbox 818 586 891 623; x_wconf 85' lang='lat' dir='ltr'>nisi</span> <span class='ocrx_word' id='word_1_89' title='bbox 921 585 1049 623; x_wconf 86' lang='lat' dir='ltr'>omnia</span> <span class='ocrx_word' id='word_1_90' title='bbox 1079 583 1231 627; x_wconf 82' lang='lat' dir='ltr'>fallant,</span> <span class='ocrx_word' id='word_1_91' title='bbox 1263 584 1508 634; x_wconf 77' lang='lat' dir='ltr'>persuadebo</span> <span class='ocrx_word' id='word_1_92' title='bbox 1540 586 1665 622; x_wconf 89' lang='lat' dir='ltr'>etiam.</span> <span class='ocrx_word' id='word_1_93' title='bbox 1712 584 1823 622; x_wconf 87' lang='lat' dir='ltr'>Anno</span> <span class='ocrx_word' id='word_1_94' title='bbox 1853 576 1994 621; x_wconf 79' lang='lat' dir='ltr'>abhinc</span> <span class='ocrx_word' id='word_1_95' title='bbox 2025 600 2053 618; x_wconf 52' lang='grc' dir='ltr'><strong><em>ω</em></strong></span> <span class='ocrx_word' id='word_1_96' title='bbox 2081 584 2113 615; x_wconf 59' lang='lat'>=³</span> 
     </span>
     <span class='ocr_line' id='line_1_12' title="bbox 436 633 2117 702; baseline -0.006 -7"><span class='ocrx_word' id='word_1_97' title='bbox 436 668 523 695; x_wconf 91' lang='lat' dir='ltr'>cum</span> <span class='ocrx_word' id='word_1_98' title='bbox 554 654 737 693; x_wconf 79' lang='lat' dir='ltr'>Bononiae</span> <span class='ocrx_word' id='word_1_99' title='bbox 767 651 1020 690; x_wconf 85' lang='lat' dir='ltr'>scholasticus</span> <span class='ocrx_word' id='word_1_100' title='bbox 1049 662 1226 701; x_wconf 79' lang='lat' dir='ltr'><strong>agerem,</strong></span> <span class='ocrx_word' id='word_1_101' title='bbox 1267 655 1382 702; x_wconf 84' lang='lat' dir='ltr'>atque</span> <span class='ocrx_word' id='word_1_102' title='bbox 1411 651 1474 689; x_wconf 89' lang='lat' dir='ltr'>ille</span> <span class='ocrx_word' id='word_1_103' title='bbox 1504 650 1652 701; x_wconf 82' lang='lat' dir='ltr'>legatus</span> <span class='ocrx_word' id='word_1_104' title='bbox 1689 650 1736 688; x_wconf 86' lang='lat' dir='ltr'>ad</span> <span class='ocrx_word' id='word_1_105' title='bbox 1766 649 1904 688; x_wconf 89' lang='lat' dir='ltr'>lulium</span> <span class='ocrx_word' id='word_1_106' title='bbox 1934 633 2117 695; x_wconf 43' lang='lat' dir='ltr'>secunus</span> 
     </span>
     <span class='ocr_line' id='line_1_13' title="bbox 435 706 2198 772; baseline -0.005 -11"><span class='ocrx_word' id='word_1_107' title='bbox 435 723 595 761; x_wconf 80' lang='lat' dir='ltr'>Caesaris</span> <span class='ocrx_word' id='word_1_108' title='bbox 625 718 873 772; x_wconf 74' lang='lat' dir='ltr'>Maximiliani</span> <span class='ocrx_word' id='word_1_109' title='bbox 904 722 1021 762; x_wconf 86' lang='lat' dir='ltr'>esset,</span> <span class='ocrx_word' id='word_1_110' title='bbox 1069 723 1106 756; x_wconf 89' lang='lat' dir='ltr'>et</span> <span class='ocrx_word' id='word_1_111' title='bbox 1136 719 1173 756; x_wconf 93' lang='lat' dir='ltr'>in</span> <span class='ocrx_word' id='word_1_112' title='bbox 1206 730 1251 756; x_wconf 86' lang='lat' dir='ltr'>eo</span> <span class='ocrx_word' id='word_1_113' title='bbox 1281 719 1419 757; x_wconf 86' lang='lat' dir='ltr'>itinere</span> <span class='ocrx_word' id='word_1_114' title='bbox 1449 718 1666 756; x_wconf 83' lang='lat' dir='ltr'>Bononiam</span> <span class='ocrx_word' id='word_1_115' title='bbox 1701 718 1942 761; x_wconf 77' lang='lat' dir='ltr'>accessisset,</span> <span class='ocrx_word' id='word_1_116' title='bbox 1987 727 2042 755; x_wconf 89' lang='lat' dir='ltr'>ro</span> <span class='ocrx_word' id='word_1_117' title='bbox 2078 706 2115 743; x_wconf 44' lang='grc' dir='ltr'>ν’</span> <span class='ocrx_word' id='word_1_118' title='bbox 2136 732 2142 766; x_wconf 67' lang='lat'>¹.</span> <span class='ocrx_word' id='word_1_119' title='bbox 2194 738 2198 761; x_wconf 67' lang='grc' dir='ltr'><strong><em>ς</em></strong></span> 
     </span>
     <span class='ocr_line' id='line_1_14' title="bbox 435 783 2148 836; baseline -0.003 -8"><span class='ocrx_word' id='word_1_120' title='bbox 435 802 521 829; x_wconf 91' lang='lat' dir='ltr'>sum</span> <span class='ocrx_word' id='word_1_121' title='bbox 551 800 572 826; x_wconf 83' lang='lat' dir='ltr'>a</span> <span class='ocrx_word' id='word_1_122' title='bbox 603 787 806 827; x_wconf 88' lang='lat' dir='ltr'>Germanis</span> <span class='ocrx_word' id='word_1_123' title='bbox 837 785 907 829; x_wconf 91' lang='lat' dir='ltr'>ihi,</span> <span class='ocrx_word' id='word_1_124' title='bbox 940 785 1253 836; x_wconf 86' lang='lat' dir='ltr'>quandoquidem</span> <span class='ocrx_word' id='word_1_125' title='bbox 1285 784 1522 823; x_wconf 82' lang='lat' dir='ltr'>carminibus</span> <span class='ocrx_word' id='word_1_126' title='bbox 1553 790 1589 823; x_wconf 90' lang='lat' dir='ltr'>et.</span> <span class='ocrx_word' id='word_1_127' title='bbox 1620 783 1859 823; x_wconf 89' lang='lat' dir='ltr'>orationibus</span> <span class='ocrx_word' id='word_1_128' title='bbox 1895 795 2057 824; x_wconf 74' lang='lat' dir='ltr'>occurre</span> <span class='ocrx_word' id='word_1_129' title='bbox 2087 830 2111 834; x_wconf 29' lang='lat'><strong>¹</strong></span> <span class='ocrx_word' id='word_1_130' title='bbox 2145 800 2148 801; x_wconf 58' lang='grc'>’</span> 
     </span>
     <span class='ocr_line' id='line_1_15' title="bbox 437 838 2198 905; baseline -0.006 -9"><span class='ocrx_word' id='word_1_131' title='bbox 437 857 596 896; x_wconf 82' lang='lat' dir='ltr'>Caesaris</span> <span class='ocrx_word' id='word_1_132' title='bbox 625 854 751 905; x_wconf 86' lang='lat' dir='ltr'>legato</span> <span class='ocrx_word' id='word_1_133' title='bbox 780 852 864 892; x_wconf 82' lang='lat' dir='ltr'>Itali</span> <span class='ocrx_word' id='word_1_134' title='bbox 894 851 1026 896; x_wconf 85' lang='lat' dir='ltr'>multi,</span> <span class='ocrx_word' id='word_1_135' title='bbox 1057 864 1107 890; x_wconf 88' lang='lat' dir='ltr'>ne</span> <span class='ocrx_word' id='word_1_136' title='bbox 1138 852 1332 890; x_wconf 76' lang='lat' dir='ltr'>videretur</span> <span class='ocrx_word' id='word_1_137' title='bbox 1363 864 1410 890; x_wconf 84' lang='lat' dir='ltr'>ex</span> <span class='ocrx_word' id='word_1_138' title='bbox 1431 838 1640 890; x_wconf 35' lang='lat' dir='ltr'>Germanis*</span> <span class='ocrx_word' id='word_1_139' title='bbox 1663 853 1755 890; x_wconf 88' lang='lat' dir='ltr'>item</span> <span class='ocrx_word' id='word_1_140' title='bbox 1785 851 1955 900; x_wconf 84' lang='lat' dir='ltr'>potuisse</span> <span class='ocrx_word' id='word_1_141' title='bbox 1983 849 2086 890; x_wconf 84' lang='lat' dir='ltr'>hoc·</span> <span class='ocrx_word' id='word_1_142' title='bbox 2127 870 2134 872; x_wconf 99' lang='lat'><em>-</em></span> <span class='ocrx_word' id='word_1_143' title='bbox 2192 857 2198 905; x_wconf 61' lang='lat' dir='ltr'><strong>j</strong></span> 
     </span>
     <span class='ocr_line' id='line_1_16' title="bbox 434 916 2142 973; baseline -0.005 -10"><span class='ocrx_word' id='word_1_144' title='bbox 434 925 600 967; x_wconf 85' lang='lat' dir='ltr'>minem,</span> <span class='ocrx_word' id='word_1_145' title='bbox 633 921 774 973; x_wconf 83' lang='lat' dir='ltr'>aliquid</span> <span class='ocrx_word' id='word_1_146' title='bbox 807 925 844 959; x_wconf 90' lang='lat' dir='ltr'>et</span> <span class='ocrx_word' id='word_1_147' title='bbox 871 921 953 971; x_wconf 90' lang='lat' dir='ltr'>ipse</span> <span class='ocrx_word' id='word_1_148' title='bbox 984 919 1272 959; x_wconf 83' lang='lat' dir='ltr'>conscriberem</span> <span class='ocrx_word' id='word_1_149' title='bbox 1303 919 1407 970; x_wconf 92' lang='lat' dir='ltr'>quod</span> <span class='ocrx_word' id='word_1_150' title='bbox 1428 918 1481 958; x_wconf 90' lang='lat' dir='ltr'>illi</span> <span class='ocrx_word' id='word_1_151' title='bbox 1503 919 1721 958; x_wconf 78' lang='lat' dir='ltr'>offerretur.</span> <span class='ocrx_word' id='word_1_152' title='bbox 1775 918 1906 968; x_wconf 84' lang='lat' dir='ltr'>parui,</span> <span class='ocrx_word' id='word_1_153' title='bbox 1938 916 2054 956; x_wconf 84' lang='lat' dir='ltr'>obse</span> <span class='ocrx_word' id='word_1_154' title='bbox 2077 922 2142 945; x_wconf 76' lang='grc'><strong>’</strong></span> 
     </span>
     <span class='ocr_line' id='line_1_17' title="bbox 436 980 2140 1041; baseline -0.002 -11"><span class='ocrx_word' id='word_1_155' title='bbox 436 1003 540 1035; x_wconf 91' lang='lat' dir='ltr'>sum,</span> <span class='ocrx_word' id='word_1_156' title='bbox 573 989 847 1041; x_wconf 69' lang='lat' dir='ltr'>panegyricum</span> <span class='ocrx_word' id='word_1_157' title='bbox 878 986 971 1031; x_wconf 89' lang='lat' dir='ltr'>lusi;</span> <span class='ocrx_word' id='word_1_158' title='bbox 1003 988 1042 1025; x_wconf 90' lang='lat' dir='ltr'>in</span> <span class='ocrx_word' id='word_1_159' title='bbox 1073 986 1309 1025; x_wconf 83' lang='lat' dir='ltr'>membranis</span> <span class='ocrx_word' id='word_1_160' title='bbox 1340 987 1582 1036; x_wconf 88' lang='lat' dir='ltr'>conscriptus</span> <span class='ocrx_word' id='word_1_161' title='bbox 1611 984 1763 1024; x_wconf 90' lang='lat' dir='ltr'>libellus</span> <span class='ocrx_word' id='word_1_162' title='bbox 1802 988 1860 1023; x_wconf 87' lang='lat' dir='ltr'>est</span> <span class='ocrx_word' id='word_1_163' title='bbox 1897 988 1942 1023; x_wconf 86' lang='lat' dir='ltr'>et&#39;</span> <span class='ocrx_word' id='word_1_164' title='bbox 1971 995 2024 1035; x_wconf 91' lang='lat' dir='ltr'>pu</span> <span class='ocrx_word' id='word_1_165' title='bbox 2056 980 2140 1024; x_wconf 63' lang='lat'>··1,²·⁴.</span> 
     </span>
     <span class='ocr_line' id='line_1_18' title="bbox 437 1040 2145 1104; baseline -0.004 -7"><span class='ocrx_word' id='word_1_166' title='bbox 437 1058 594 1097; x_wconf 88' lang='lat' dir='ltr'>indutus</span> <span class='ocrx_word' id='word_1_167' title='bbox 631 1069 675 1096; x_wconf 87' lang='lat' dir='ltr'>ac</span> <span class='ocrx_word' id='word_1_168' title='bbox 713 1056 895 1094; x_wconf 83' lang='lat' dir='ltr'>deaurata</span> <span class='ocrx_word' id='word_1_169' title='bbox 933 1055 1060 1098; x_wconf 79' lang='lat' dir='ltr'>frons,</span> <span class='ocrx_word' id='word_1_170' title='bbox 1108 1053 1242 1092; x_wconf 86' lang='lat' dir='ltr'>titulus</span> <span class='ocrx_word' id='word_1_171' title='bbox 1279 1054 1417 1098; x_wconf 92' lang='lat' dir='ltr'>minio,</span> <span class='ocrx_word' id='word_1_172' title='bbox 1452 1053 1612 1104; x_wconf 62' lang='lat' dir='ltr'>reliqua</span> <span class='ocrx_word' id='word_1_173' title='bbox 1651 1057 1693 1091; x_wconf 92' lang='lat' dir='ltr'>ut</span> <span class='ocrx_word' id='word_1_174' title='bbox 1731 1055 1943 1102; x_wconf 87' lang='lat' dir='ltr'>potuerunt</span> <span class='ocrx_word' id='word_1_175' title='bbox 1981 1063 2050 1092; x_wconf 83' lang='lat' dir='ltr'>exc</span> <span class='ocrx_word' id='word_1_176' title='bbox 2099 1040 2145 1074; x_wconf 55' lang='lat' dir='ltr'>s*</span> 
     </span>
    </p>

    <p class='ocr_par' dir='ltr' id='par_1_8' title="bbox 437 1113 2197 1242">
     <span class='ocr_line' id='line_1_19' title="bbox 437 1113 2197 1175; baseline -0.005 -11"><span class='ocrx_word' id='word_1_177' title='bbox 437 1125 537 1164; x_wconf 88' lang='lat' dir='ltr'>Tum</span> <span class='ocrx_word' id='word_1_178' title='bbox 567 1124 648 1168; x_wconf 87' lang='lat' dir='ltr'>ille,</span> <span class='ocrx_word' id='word_1_179' title='bbox 682 1123 798 1175; x_wconf 76' lang='lat' dir='ltr'>quid?</span> <span class='ocrx_word' id='word_1_180' title='bbox 828 1133 907 1159; x_wconf 91' lang='lat' dir='ltr'>non</span> <span class='ocrx_word' id='word_1_181' title='bbox 938 1133 1097 1170; x_wconf 82' lang='lat' dir='ltr'>possum</span> <span class='ocrx_word' id='word_1_182' title='bbox 1128 1120 1258 1158; x_wconf 83' lang='lat' dir='ltr'>dicere</span> <span class='ocrx_word' id='word_1_183' title='bbox 1288 1120 1411 1164; x_wconf 89' lang='lat' dir='ltr'>aliud,</span> <span class='ocrx_word' id='word_1_184' title='bbox 1445 1121 1673 1170; x_wconf 77' lang='lat' dir='ltr'>contempsit</span> <span class='ocrx_word' id='word_1_185' title='bbox 1705 1131 1847 1158; x_wconf 86' lang='lat' dir='ltr'>munus</span> <span class='ocrx_word' id='word_1_186' title='bbox 1867 1130 2008 1157; x_wconf 90' lang='lat' dir='ltr'>meum.</span> <span class='ocrx_word' id='word_1_187' title='bbox 2091 1113 2095 1115; x_wconf 53' lang='grc'><strong><em>’</em></strong></span> <span class='ocrx_word' id='word_1_188' title='bbox 2119 1125 2126 1135; x_wconf 82' lang='grc'>’·</span> <span class='ocrx_word' id='word_1_189' title='bbox 2194 1117 2197 1124; x_wconf 87' lang='grc'><strong>’</strong></span> 
     </span>
     <span class='ocr_line' id='line_1_20' title="bbox 438 1187 2143 1242; baseline -0.006 -12"><span class='ocrx_word' id='word_1_190' title='bbox 438 1193 551 1242; x_wconf 80' lang='lat' dir='ltr'>gitavi</span> <span class='ocrx_word' id='word_1_191' title='bbox 580 1190 684 1229; x_wconf 86' lang='lat' dir='ltr'>haud</span> <span class='ocrx_word' id='word_1_192' title='bbox 714 1188 836 1228; x_wconf 91' lang='lat' dir='ltr'>multo</span> <span class='ocrx_word' id='word_1_193' title='bbox 873 1193 980 1239; x_wconf 90' lang='lat' dir='ltr'>post,</span> <span class='ocrx_word' id='word_1_194' title='bbox 1028 1189 1116 1238; x_wconf 82' lang='lat' dir='ltr'>quia</span> <span class='ocrx_word' id='word_1_195' title='bbox 1153 1188 1191 1226; x_wconf 95' lang='lat' dir='ltr'>in</span> <span class='ocrx_word' id='word_1_196' title='bbox 1230 1189 1406 1226; x_wconf 81' lang='lat' dir='ltr'>maximis</span> <span class='ocrx_word' id='word_1_197' title='bbox 1443 1199 1686 1226; x_wconf 89' lang='lat' dir='ltr'>summorum</span> <span class='ocrx_word' id='word_1_198' title='bbox 1716 1187 1944 1236; x_wconf 28' lang='lat' dir='ltr'>*principum</span> <span class='ocrx_word' id='word_1_199' title='bbox 1982 1187 2143 1233; x_wconf 52' lang='lat' dir='ltr'>ugus]</span> 
     </span>
    </p>

    <p class='ocr_par' dir='ltr' id='par_1_9' title="bbox 434 1240 2191 1376">
     <span class='ocr_line' id='line_1_21' title="bbox 434 1250 2102 1305; baseline -0.004 -8"><span class='ocrx_word' id='word_1_200' title='bbox 434 1259 581 1297; x_wconf 80' lang='lat' dir='ltr'>versari</span> <span class='ocrx_word' id='word_1_201' title='bbox 611 1258 771 1301; x_wconf 89' lang='lat' dir='ltr'>scirem,</span> <span class='ocrx_word' id='word_1_202' title='bbox 819 1256 969 1305; x_wconf 87' lang='lat' dir='ltr'>magnis</span> <span class='ocrx_word' id='word_1_203' title='bbox 998 1266 1092 1293; x_wconf 91' lang='lat' dir='ltr'>usus</span> <span class='ocrx_word' id='word_1_204' title='bbox 1122 1255 1336 1293; x_wconf 83' lang='lat' dir='ltr'>amicorum</span> <span class='ocrx_word' id='word_1_205' title='bbox 1366 1253 1726 1297; x_wconf 79' lang='lat' dir='ltr'>intercessionibus,</span> <span class='ocrx_word' id='word_1_206' title='bbox 1772 1252 1938 1292; x_wconf 85' lang='lat' dir='ltr'>adscribi</span> <span class='ocrx_word' id='word_1_207' title='bbox 1976 1250 2102 1291; x_wconf 82' lang='lat' dir='ltr'>in-ill</span> 
     </span>
     <span class='ocr_line' id='line_1_22' title="bbox 434 1319 2129 1376; baseline -0.006 -12"><span class='ocrx_word' id='word_1_208' title='bbox 434 1327 678 1368; x_wconf 61' lang='lat' dir='ltr'>comitatum</span> <span class='ocrx_word' id='word_1_209' title='bbox 710 1323 779 1361; x_wconf 90' lang='lat' dir='ltr'>sed</span> <span class='ocrx_word' id='word_1_210' title='bbox 809 1334 936 1373; x_wconf 87' lang='lat' dir='ltr'>neque</span> <span class='ocrx_word' id='word_1_211' title='bbox 966 1321 1165 1371; x_wconf 77' lang='lat' dir='ltr'>impetravi</span> <span class='ocrx_word' id='word_1_212' title='bbox 1196 1321 1290 1364; x_wconf 88' lang='lat' dir='ltr'>hoc,</span> <span class='ocrx_word' id='word_1_213' title='bbox 1322 1333 1449 1372; x_wconf 87' lang='lat' dir='ltr'>neque</span> <span class='ocrx_word' id='word_1_214' title='bbox 1479 1334 1541 1360; x_wconf 87' lang='lat' dir='ltr'>me</span> <span class='ocrx_word' id='word_1_215' title='bbox 1572 1320 1653 1365; x_wconf 87' lang='lat' dir='ltr'>illc,</span> <span class='ocrx_word' id='word_1_216' title='bbox 1687 1333 1774 1359; x_wconf 92' lang='lat' dir='ltr'>cum</span> <span class='ocrx_word' id='word_1_217' title='bbox 1805 1319 1947 1358; x_wconf 83' lang='lat' dir='ltr'>militiae</span> <span class='ocrx_word' id='word_1_218' title='bbox 1975 1330 2099 1376; x_wconf 28' lang='lat' dir='ltr'>ager..</span> <span class='ocrx_word' id='word_1_219' title='bbox 2126 1338 2129 1342; x_wconf 94' lang='lat'><em>-</em></span> 
     </span>
    </p>
   </div>
   <div class='ocr_carea' id='block_1_8' title="bbox 2017 328 2175 2054">
    <p class='ocr_par' dir='ltr' id='par_1_10' title="bbox 2017 328 2175 2054">
     <span class='ocr_line' id='line_1_23' title="bbox 2077 328 2142 403; baseline 0 3165"><span class='ocrx_word' id='word_1_220' title='bbox 2077 328 2142 403; x_wconf 95' lang='lat' dir='ltr'> </span> 
     </span>
     <span class='ocr_line' id='line_1_24' title="bbox 2017 403 2170 623; baseline 0 0"><span class='ocrx_word' id='word_1_221' title='bbox 2017 403 2170 623; x_wconf 95' lang='lat' dir='ltr'>   </span> 
     </span>
     <span class='ocr_line' id='line_1_25' title="bbox 2054 769 2175 1069; baseline 0 -113"><span class='ocrx_word' id='word_1_222' title='bbox 2054 769 2175 1069; x_wconf 95' lang='lat' dir='ltr'>      </span> 
     </span>
     <span class='ocr_line' id='line_1_26' title="bbox 2051 1069 2160 1259; baseline 0 -130"><span class='ocrx_word' id='word_1_223' title='bbox 2051 1069 2160 1259; x_wconf 95' lang='lat' dir='ltr'>    </span> 
     </span>
     <span class='ocr_line' id='line_1_27' title="bbox 2065 1259 2175 1437; baseline 0 -72"><span class='ocrx_word' id='word_1_224' title='bbox 2065 1259 2175 1437; x_wconf 95' lang='lat' dir='ltr'>    </span> 
     </span>
     <span class='ocr_line' id='line_1_28' title="bbox 2073 1437 2152 1581; baseline 0 -19"><span class='ocrx_word' id='word_1_225' title='bbox 2073 1437 2152 1581; x_wconf 95' lang='lat' dir='ltr'>    </span> 
     </span>
     <span class='ocr_line' id='line_1_29' title="bbox 2059 1581 2174 1739; baseline 0 -37"><span class='ocrx_word' id='word_1_226' title='bbox 2059 1581 2174 1739; x_wconf 95' lang='lat' dir='ltr'>   </span> 
     </span>
     <span class='ocr_line' id='line_1_30' title="bbox 2087 1739 2153 1852; baseline 0 -69"><span class='ocrx_word' id='word_1_227' title='bbox 2087 1739 2153 1852; x_wconf 95' lang='lat' dir='ltr'>  </span> 
     </span>
     <span class='ocr_line' id='line_1_31' title="bbox 2092 1852 2153 2054; baseline 0 -105"><span class='ocrx_word' id='word_1_228' title='bbox 2092 1852 2153 2054; x_wconf 95' lang='lat' dir='ltr'>     </span> 
     </span>
    </p>
   </div>
   <div class='ocr_carea' id='block_1_9' title="bbox 415 1375 2198 1441">
    <p class='ocr_par' dir='ltr' id='par_1_11' title="bbox 415 1375 2198 1441">
     <span class='ocr_line' id='line_1_32' title="bbox 415 1375 2198 1441; baseline -0.004 -10"><span class='ocrx_word' id='word_1_229' title='bbox 415 1389 583 1431; x_wconf 62' lang='lat' dir='ltr'>&#39;summa</span> <span class='ocrx_word' id='word_1_230' title='bbox 614 1403 702 1430; x_wconf 92' lang='lat' dir='ltr'>cum</span> <span class='ocrx_word' id='word_1_231' title='bbox 733 1391 861 1441; x_wconf 84' lang='lat' dir='ltr'>inopia</span> <span class='ocrx_word' id='word_1_232' title='bbox 891 1402 935 1428; x_wconf 84' lang='lat' dir='ltr'>ac</span> <span class='ocrx_word' id='word_1_233' title='bbox 965 1394 1054 1427; x_wconf 84' lang='lat' dir='ltr'>aute</span> <span class='ocrx_word' id='word_1_234' title='bbox 1084 1389 1204 1439; x_wconf 91' lang='lat' dir='ltr'>ipsius</span> <span class='ocrx_word' id='word_1_235' title='bbox 1233 1387 1367 1427; x_wconf 89' lang='lat' dir='ltr'>oculos</span> <span class='ocrx_word' id='word_1_236' title='bbox 1405 1401 1507 1439; x_wconf 81' lang='lat' dir='ltr'>saepe</span> <span class='ocrx_word' id='word_1_237' title='bbox 1543 1387 1856 1432; x_wconf 79' lang='lat' dir='ltr'>obamlmlarem,</span> <span class='ocrx_word' id='word_1_238' title='bbox 1903 1385 2081 1429; x_wconf 64' lang='lat' dir='ltr'>aut&#39;sat</span> <span class='ocrx_word' id='word_1_239' title='bbox 2193 1375 2198 1411; x_wconf 75' lang='grc' dir='ltr'>Ϊ</span> 
     </span>
    </p>
   </div>
   <div class='ocr_carea' id='block_1_10' title="bbox 431 1455 2218 1779">
    <p class='ocr_par' dir='ltr' id='par_1_12' title="bbox 431 1455 2218 1779">
     <span class='ocr_line' id='line_1_33' title="bbox 432 1455 2194 1508; baseline -0.003 -11"><span class='ocrx_word' id='word_1_240' title='bbox 432 1461 538 1498; x_wconf 87' lang='lat' dir='ltr'>tione</span> <span class='ocrx_word' id='word_1_241' title='bbox 568 1463 634 1497; x_wconf 87' lang='lat' dir='ltr'>aut</span> <span class='ocrx_word' id='word_1_242' title='bbox 663 1462 843 1508; x_wconf 90' lang='lat' dir='ltr'>respectu</span> <span class='ocrx_word' id='word_1_243' title='bbox 874 1456 1052 1507; x_wconf 82' lang='lat' dir='ltr'>dignatus</span> <span class='ocrx_word' id='word_1_244' title='bbox 1083 1461 1158 1495; x_wconf 89' lang='lat' dir='ltr'>est:</span> <span class='ocrx_word' id='word_1_245' title='bbox 1204 1461 1353 1494; x_wconf 86' lang='lat' dir='ltr'>tantum</span> <span class='ocrx_word' id='word_1_246' title='bbox 1384 1456 1524 1500; x_wconf 85' lang='lat' dir='ltr'>abfuit,</span> <span class='ocrx_word' id='word_1_247' title='bbox 1570 1456 1759 1494; x_wconf 90' lang='lat' dir='ltr'>honorem</span> <span class='ocrx_word' id='word_1_248' title='bbox 1798 1459 1839 1493; x_wconf 85' lang='lat' dir='ltr'>ut</span> <span class='ocrx_word' id='word_1_249' title='bbox 1878 1455 2040 1493; x_wconf 80' lang='lat' dir='ltr'>invicem</span> <span class='ocrx_word' id='word_1_250' title='bbox 2083 1471 2087 1488; x_wconf 81' lang='grc' dir='ltr'><strong><em>ι</em></strong></span> <span class='ocrx_word' id='word_1_251' title='bbox 2192 1474 2194 1478; x_wconf 39' lang='grc' dir='ltr'><em>ν</em></span> 
     </span>
     <span class='ocr_line' id='line_1_34' title="bbox 434 1521 2197 1577; baseline -0.003 -12"><span class='ocrx_word' id='word_1_252' title='bbox 434 1527 546 1565; x_wconf 86' lang='lat' dir='ltr'>beret</span> <span class='ocrx_word' id='word_1_253' title='bbox 575 1527 629 1565; x_wconf 92' lang='lat' dir='ltr'>sic</span> <span class='ocrx_word' id='word_1_254' title='bbox 659 1526 707 1564; x_wconf 88' lang='lat' dir='ltr'>de</span> <span class='ocrx_word' id='word_1_255' title='bbox 737 1537 778 1564; x_wconf 87' lang='lat' dir='ltr'>se</span> <span class='ocrx_word' id='word_1_256' title='bbox 807 1525 958 1563; x_wconf 87' lang='lat' dir='ltr'>merito.</span> <span class='ocrx_word' id='word_1_257' title='bbox 1018 1523 1116 1562; x_wconf 89' lang='lat' dir='ltr'>Huic</span> <span class='ocrx_word' id='word_1_258' title='bbox 1146 1528 1187 1562; x_wconf 91' lang='lat' dir='ltr'>tu</span> <span class='ocrx_word' id='word_1_259' title='bbox 1216 1524 1272 1562; x_wconf 74' lang='lat' dir='ltr'>vis</span> <span class='ocrx_word' id='word_1_260' title='bbox 1308 1522 1429 1561; x_wconf 88' lang='lat' dir='ltr'>libros</span> <span class='ocrx_word' id='word_1_261' title='bbox 1465 1535 1573 1562; x_wconf 88' lang='lat' dir='ltr'>meos</span> <span class='ocrx_word' id='word_1_262' title='bbox 1610 1521 1794 1565; x_wconf 87' lang='lat' dir='ltr'>adscribi,</span> <span class='ocrx_word' id='word_1_263' title='bbox 1841 1527 1907 1561; x_wconf 86' lang='lat' dir='ltr'>aut</span> <span class='ocrx_word' id='word_1_264' title='bbox 1942 1521 2046 1560; x_wconf 79' lang='lat' dir='ltr'>hunc</span> <span class='ocrx_word' id='word_1_265' title='bbox 2089 1549 2119 1577; x_wconf 70' lang='lat'>&#39;.</span> <span class='ocrx_word' id='word_1_266' title='bbox 2193 1526 2197 1533; x_wconf 85' lang='lat'>&#39;</span> 
     </span>
     <span class='ocr_line' id='line_1_35' title="bbox 431 1588 2190 1642; baseline -0.002 -10"><span class='ocrx_word' id='word_1_267' title='bbox 431 1593 535 1632; x_wconf 76' lang='lat' dir='ltr'>voles</span> <span class='ocrx_word' id='word_1_268' title='bbox 566 1593 732 1631; x_wconf 78' lang='lat' dir='ltr'>ornare?</span> <span class='ocrx_word' id='word_1_269' title='bbox 763 1592 979 1642; x_wconf 77' lang='lat' dir='ltr'>praesertim</span> <span class='ocrx_word' id='word_1_270' title='bbox 1011 1603 1098 1630; x_wconf 90' lang='lat' dir='ltr'>cum</span> <span class='ocrx_word' id='word_1_271' title='bbox 1128 1590 1204 1629; x_wconf 90' lang='lat' dir='ltr'>hoc</span> <span class='ocrx_word' id='word_1_272' title='bbox 1234 1589 1296 1628; x_wconf 91' lang='lat' dir='ltr'>ille</span> <span class='ocrx_word' id='word_1_273' title='bbox 1326 1602 1405 1628; x_wconf 89' lang='lat' dir='ltr'>non</span> <span class='ocrx_word' id='word_1_274' title='bbox 1435 1590 1626 1640; x_wconf 86' lang='lat' dir='ltr'>postulet,</span> <span class='ocrx_word' id='word_1_275' title='bbox 1666 1594 1707 1629; x_wconf 91' lang='lat' dir='ltr'>ut</span> <span class='ocrx_word' id='word_1_276' title='bbox 1739 1590 1804 1640; x_wconf 89' lang='lat' dir='ltr'>qui</span> <span class='ocrx_word' id='word_1_277' title='bbox 1835 1588 1938 1627; x_wconf 87' lang='lat' dir='ltr'>domi</span> <span class='ocrx_word' id='word_1_278' title='bbox 1967 1600 2045 1629; x_wconf 81' lang='lat' dir='ltr'>suae</span> <span class='ocrx_word' id='word_1_279' title='bbox 2082 1606 2100 1623; x_wconf 79' lang='grc' dir='ltr'><strong>ι·</strong></span> <span class='ocrx_word' id='word_1_280' title='bbox 2130 1611 2158 1623; x_wconf 93' lang='grc'>-</span> <span class='ocrx_word' id='word_1_281' title='bbox 2188 1594 2190 1597; x_wconf 83' lang='grc'><strong>’</strong></span> 
     </span>
     <span class='ocr_line' id='line_1_36' title="bbox 431 1655 2197 1711; baseline -0.002 -12"><span class='ocrx_word' id='word_1_282' title='bbox 431 1661 520 1699; x_wconf 85' lang='lat' dir='ltr'>beat</span> <span class='ocrx_word' id='word_1_283' title='bbox 550 1661 615 1711; x_wconf 89' lang='lat' dir='ltr'>qui</span> <span class='ocrx_word' id='word_1_284' title='bbox 645 1659 720 1698; x_wconf 89' lang='lat' dir='ltr'>hoc</span> <span class='ocrx_word' id='word_1_285' title='bbox 750 1660 913 1703; x_wconf 79' lang='lat' dir='ltr'>faciunt,</span> <span class='ocrx_word' id='word_1_286' title='bbox 946 1658 1053 1697; x_wconf 90' lang='lat' dir='ltr'>illum</span> <span class='ocrx_word' id='word_1_287' title='bbox 1085 1659 1258 1708; x_wconf 76' lang='lat' dir='ltr'>inprimis</span> <span class='ocrx_word' id='word_1_288' title='bbox 1289 1656 1578 1702; x_wconf 78' lang='lat' dir='ltr'>Bartholinum,</span> <span class='ocrx_word' id='word_1_289' title='bbox 1612 1662 1842 1695; x_wconf 83' lang='lat' dir='ltr'>conventum</span> <span class='ocrx_word' id='word_1_290' title='bbox 1863 1655 2142 1710; x_wconf 58' lang='lat' dir='ltr'>Augustei,</span> <span class='ocrx_word' id='word_1_291' title='bbox 2192 1665 2197 1687; x_wconf 73' lang='lat'>³</span> 
     </span>
     <span class='ocr_line' id='line_1_37' title="bbox 433 1713 2218 1779; baseline -0.003 -12"><span class='ocrx_word' id='word_1_292' title='bbox 433 1729 497 1779; x_wconf 90' lang='lat' dir='ltr'>qui</span> <span class='ocrx_word' id='word_1_293' title='bbox 528 1728 749 1778; x_wconf 85' lang='lat' dir='ltr'>descripsit,</span> <span class='ocrx_word' id='word_1_294' title='bbox 797 1726 864 1765; x_wconf 93' lang='lat' dir='ltr'>ubi</span> <span class='ocrx_word' id='word_1_295' title='bbox 893 1730 1043 1764; x_wconf 85' lang='lat' dir='ltr'>tantum</span> <span class='ocrx_word' id='word_1_296' title='bbox 1075 1724 1182 1764; x_wconf 90' lang='lat' dir='ltr'>illum</span> <span class='ocrx_word' id='word_1_297' title='bbox 1221 1725 1351 1768; x_wconf 82' lang='lat' dir='ltr'>effert,</span> <span class='ocrx_word' id='word_1_298' title='bbox 1398 1729 1440 1762; x_wconf 86' lang='lat' dir='ltr'>ut</span> <span class='ocrx_word' id='word_1_299' title='bbox 1478 1736 1556 1762; x_wconf 88' lang='lat' dir='ltr'>non</span> <span class='ocrx_word' id='word_1_300' title='bbox 1596 1724 1791 1763; x_wconf 90' lang='lat' dir='ltr'>modicum</span> <span class='ocrx_word' id='word_1_301' title='bbox 1832 1713 2133 1763; x_wconf 51' lang='lat' dir='ltr'>aliis&#39;detrm·</span> <span class='ocrx_word' id='word_1_302' title='bbox 2190 1723 2218 1779; x_wconf 15' lang='lat' dir='ltr'>js?</span> 
     </span>
    </p>
   </div>
   <div class='ocr_carea' id='block_1_11' title="bbox 425 1992 2218 2885">
    <p class='ocr_par' dir='ltr' id='par_1_13' title="bbox 425 1982 2218 2880">
     <span class='ocr_line' id='line_1_38' title="bbox 518 1992 2217 2039; baseline -0.004 -10"><span class='ocrx_word' id='word_1_303' title='bbox 518 1997 531 2018; x_wconf 80' lang='lat'>⁰</span> <span class='ocrx_word' id='word_1_304' title='bbox 557 2008 662 2039; x_wconf 89' lang='lat' dir='ltr'>quum</span> <span class='ocrx_word' id='word_1_305' title='bbox 690 1999 784 2029; x_wconf 84' lang='lat'>7...9.</span> <span class='ocrx_word' id='word_1_306' title='bbox 810 2006 952 2038; x_wconf 77' lang='lat' dir='ltr'>semper.</span> <span class='ocrx_word' id='word_1_307' title='bbox 1025 1992 1298 2036; x_wconf 81' lang='lat' dir='ltr'>secundum]11.</span> <span class='ocrx_word' id='word_1_308' title='bbox 1318 1997 1413 2026; x_wconf 84' lang='lat'>7...9.</span> <span class='ocrx_word' id='word_1_309' title='bbox 1453 2027 1462 2035; x_wconf 65' lang='grc'><strong><em>,</em></strong></span> <span class='ocrx_word' id='word_1_310' title='bbox 1482 1994 1496 2014; x_wconf 83' lang='lat'>⁷</span> <span class='ocrx_word' id='word_1_311' title='bbox 1522 2003 1601 2025; x_wconf 85' lang='lat' dir='ltr'>esse</span> <span class='ocrx_word' id='word_1_312' title='bbox 1618 1993 1663 2025; x_wconf 87' lang='lat' dir='ltr'>B.</span> <span class='ocrx_word' id='word_1_313' title='bbox 1735 1992 1748 2013; x_wconf 76' lang='lat'>⁸</span> <span class='ocrx_word' id='word_1_314' title='bbox 1765 1992 1961 2024; x_wconf 83' lang='lat' dir='ltr'>orationib.</span> <span class='ocrx_word' id='word_1_315' title='bbox 1987 2001 2065 2024; x_wconf 81' lang='lat' dir='ltr'>oce</span> <span class='ocrx_word' id='word_1_316' title='bbox 2212 2029 2217 2038; x_wconf 81' lang='lat'>.</span> 
     </span>
     <span class='ocr_line' id='line_1_39' title="bbox 428 2047 2213 2096; baseline -0.004 -10"><span class='ocrx_word' id='word_1_317' title='bbox 428 2055 487 2086; x_wconf 86' lang='lat' dir='ltr'>Ita</span> <span class='ocrx_word' id='word_1_318' title='bbox 513 2065 544 2085; x_wconf 87' lang='lat' dir='ltr'>e.</span> <span class='ocrx_word' id='word_1_319' title='bbox 571 2065 623 2096; x_wconf 84' lang='lat' dir='ltr'>gr.</span> <span class='ocrx_word' id='word_1_320' title='bbox 649 2054 754 2084; x_wconf 84' lang='lat' dir='ltr'>XXII</span> <span class='ocrx_word' id='word_1_321' title='bbox 788 2053 994 2083; x_wconf 85' lang='lat' dir='ltr'>‘Orationes</span> <span class='ocrx_word' id='word_1_322' title='bbox 1018 2051 1171 2082; x_wconf 80' lang='lat' dir='ltr'>Viennae</span> <span class='ocrx_word' id='word_1_323' title='bbox 1197 2051 1356 2082; x_wconf 78' lang='lat' dir='ltr'>Austriae</span> <span class='ocrx_word' id='word_1_324' title='bbox 1383 2051 1429 2082; x_wconf 88' lang='lat' dir='ltr'>ad</span> <span class='ocrx_word' id='word_1_325' title='bbox 1452 2051 1586 2082; x_wconf 78' lang='lat' dir='ltr'>Divum</span> <span class='ocrx_word' id='word_1_326' title='bbox 1611 2048 1900 2081; x_wconf 79' lang='lat' dir='ltr'>Maximilianum</span> <span class='ocrx_word' id='word_1_327' title='bbox 1926 2048 2018 2080; x_wconf 87' lang='lat' dir='ltr'>Caes.</span> <span class='ocrx_word' id='word_1_328' title='bbox 2045 2047 2075 2080; x_wconf 81' lang='lat' dir='ltr'>A</span> <span class='ocrx_word' id='word_1_329' title='bbox 2188 2079 2191 2083; x_wconf 71' lang='grc'>,</span> <span class='ocrx_word' id='word_1_330' title='bbox 2212 2055 2213 2064; x_wconf 66' lang='grc'>’</span> 
     </span>
     <span class='ocr_line' id='line_1_40' title="bbox 431 2087 2218 2150; baseline -0.004 -9"><span class='ocrx_word' id='word_1_331' title='bbox 431 2110 595 2150; x_wconf 84' lang='lat' dir='ltr'>aliosque</span> <span class='ocrx_word' id='word_1_332' title='bbox 627 2109 891 2141; x_wconf 84' lang='lat' dir='ltr'>illustrissimos</span> <span class='ocrx_word' id='word_1_333' title='bbox 922 2108 1130 2149; x_wconf 73' lang='lat' dir='ltr'>Principes,</span> <span class='ocrx_word' id='word_1_334' title='bbox 1164 2107 1314 2138; x_wconf 81' lang='lat' dir='ltr'>habitae.</span> <span class='ocrx_word' id='word_1_335' title='bbox 1358 2107 1401 2138; x_wconf 90' lang='lat' dir='ltr'>In</span> <span class='ocrx_word' id='word_1_336' title='bbox 1427 2106 1665 2138; x_wconf 83' lang='lat' dir='ltr'>celeberrimo</span> <span class='ocrx_word' id='word_1_337' title='bbox 1690 2105 1798 2136; x_wconf 88' lang='lat' dir='ltr'>trium</span> <span class='ocrx_word' id='word_1_338' title='bbox 1822 2105 1962 2147; x_wconf 84' lang='lat' dir='ltr'>Regum</span> <span class='ocrx_word' id='word_1_339' title='bbox 1987 2103 2033 2136; x_wconf 75' lang='lat' dir='ltr'>ad</span> <span class='ocrx_word' id='word_1_340' title='bbox 2094 2140 2099 2143; x_wconf 83' lang='lat'>.</span> <span class='ocrx_word' id='word_1_341' title='bbox 2212 2087 2218 2098; x_wconf 38' lang='grc' dir='ltr'><em>Ι</em></span> 
     </span>
     <span class='ocr_line' id='line_1_41' title="bbox 430 2148 2095 2204; baseline -0.004 -7"><span class='ocrx_word' id='word_1_342' title='bbox 430 2169 623 2198; x_wconf 85' lang='lat' dir='ltr'>conuentu.</span> <span class='ocrx_word' id='word_1_343' title='bbox 650 2165 753 2197; x_wconf 87' lang='lat' dir='ltr'>Anno</span> <span class='ocrx_word' id='word_1_344' title='bbox 770 2164 971 2197; x_wconf 77' lang='lat' dir='ltr'>M.D.XV.&#39;</span> <span class='ocrx_word' id='word_1_345' title='bbox 1003 2165 1099 2195; x_wconf 86' lang='lat' dir='ltr'>inter</span> <span class='ocrx_word' id='word_1_346' title='bbox 1125 2173 1214 2204; x_wconf 86' lang='lat' dir='ltr'>quas</span> <span class='ocrx_word' id='word_1_347' title='bbox 1241 2163 1352 2194; x_wconf 85' lang='lat' dir='ltr'>etiam</span> <span class='ocrx_word' id='word_1_348' title='bbox 1371 2162 1530 2194; x_wconf 79' lang='lat' dir='ltr'>Vadiani</span> <span class='ocrx_word' id='word_1_349' title='bbox 1554 2161 1737 2193; x_wconf 84' lang='lat' dir='ltr'>nonnullae</span> <span class='ocrx_word' id='word_1_350' title='bbox 1762 2160 1948 2203; x_wconf 87' lang='lat' dir='ltr'>leguntur,</span> <span class='ocrx_word' id='word_1_351' title='bbox 1977 2159 2054 2191; x_wconf 78' lang='lat' dir='ltr'>‘vie</span> <span class='ocrx_word' id='word_1_352' title='bbox 2087 2148 2095 2153; x_wconf 51' lang='lat'><strong>⁴</strong></span> 
     </span>
     <span class='ocr_line' id='line_1_42' title="bbox 428 2215 2114 2264; baseline -0.005 -10"><span class='ocrx_word' id='word_1_353' title='bbox 428 2223 629 2254; x_wconf 81' lang='lat' dir='ltr'>Pannoniae</span> <span class='ocrx_word' id='word_1_354' title='bbox 661 2232 726 2264; x_wconf 88' lang='lat' dir='ltr'>per</span> <span class='ocrx_word' id='word_1_355' title='bbox 755 2222 1017 2261; x_wconf 70' lang='lat' dir='ltr'>Hieronymum</span> <span class='ocrx_word' id='word_1_356' title='bbox 1050 2219 1235 2250; x_wconf 75' lang='lat' dir='ltr'>Victorem</span> <span class='ocrx_word' id='word_1_357' title='bbox 1257 2242 1264 2250; x_wconf 91' lang='lat'>.</span> <span class='ocrx_word' id='word_1_358' title='bbox 1286 2243 1293 2250; x_wconf 94' lang='lat'>.</span> <span class='ocrx_word' id='word_1_359' title='bbox 1314 2243 1321 2250; x_wconf 94' lang='lat'>.</span> <span class='ocrx_word' id='word_1_360' title='bbox 1340 2220 1467 2250; x_wconf 84' lang='lat' dir='ltr'>Mense</span> <span class='ocrx_word' id='word_1_361' title='bbox 1491 2218 1665 2249; x_wconf 83' lang='lat' dir='ltr'>Ianuario</span> <span class='ocrx_word' id='word_1_362' title='bbox 1689 2217 1807 2248; x_wconf 59' lang='lat' dir='ltr'>Asso.</span> <span class='ocrx_word' id='word_1_363' title='bbox 1834 2217 2002 2248; x_wconf 55' lang='lat' dir='ltr'>»mxxvn&#39;</span> <span class='ocrx_word' id='word_1_364' title='bbox 2026 2215 2072 2246; x_wconf 90' lang='lat' dir='ltr'>in.</span> <span class='ocrx_word' id='word_1_365' title='bbox 2097 2242 2114 2249; x_wconf 13' lang='grc' dir='ltr'>γ,</span> 
     </span>
     <span class='ocr_line' id='line_1_43' title="bbox 427 2272 2133 2320; baseline -0.005 -10"><span class='ocrx_word' id='word_1_366' title='bbox 427 2279 650 2320; x_wconf 88' lang='lat' dir='ltr'>prodierunt.</span> <span class='ocrx_word' id='word_1_367' title='bbox 675 2279 724 2309; x_wconf 87' lang='lat' dir='ltr'>Et</span> <span class='ocrx_word' id='word_1_368' title='bbox 750 2276 926 2309; x_wconf 88' lang='lat' dir='ltr'>eiusmodi</span> <span class='ocrx_word' id='word_1_369' title='bbox 951 2275 1152 2308; x_wconf 87' lang='lat' dir='ltr'>orationum</span> <span class='ocrx_word' id='word_1_370' title='bbox 1179 2285 1222 2306; x_wconf 90' lang='lat' dir='ltr'>ac</span> <span class='ocrx_word' id='word_1_371' title='bbox 1249 2275 1449 2306; x_wconf 85' lang='lat' dir='ltr'>carminum</span> <span class='ocrx_word' id='word_1_372' title='bbox 1474 2275 1624 2306; x_wconf 85' lang='lat' dir='ltr'>seorsim</span> <span class='ocrx_word' id='word_1_373' title='bbox 1647 2272 1916 2315; x_wconf 82' lang='lat' dir='ltr'>publicatorum</span> <span class='ocrx_word' id='word_1_374' title='bbox 1928 2280 2059 2314; x_wconf 78' lang='lat' dir='ltr'>magna</span> <span class='ocrx_word' id='word_1_375' title='bbox 2075 2277 2133 2318; x_wconf 63' lang='grc' dir='ltr'>οᾳε</span> 
     </span>
     <span class='ocr_line' id='line_1_44' title="bbox 427 2323 2136 2376; baseline -0.004 -11"><span class='ocrx_word' id='word_1_376' title='bbox 427 2335 489 2376; x_wconf 83' lang='lat' dir='ltr'>pia</span> <span class='ocrx_word' id='word_1_377' title='bbox 516 2337 632 2374; x_wconf 81' lang='lat' dir='ltr'>extat,</span> <span class='ocrx_word' id='word_1_378' title='bbox 674 2333 861 2375; x_wconf 88' lang='lat' dir='ltr'>multaque</span> <span class='ocrx_word' id='word_1_379' title='bbox 893 2333 931 2363; x_wconf 90' lang='lat' dir='ltr'>in</span> <span class='ocrx_word' id='word_1_380' title='bbox 955 2332 1212 2363; x_wconf 87' lang='lat' dir='ltr'>historicorum</span> <span class='ocrx_word' id='word_1_381' title='bbox 1237 2331 1503 2373; x_wconf 73' lang='lat' dir='ltr'>promptum-ios</span> <span class='ocrx_word' id='word_1_382' title='bbox 1519 2330 1632 2361; x_wconf 90' lang='lat' dir='ltr'>libros</span> <span class='ocrx_word' id='word_1_383' title='bbox 1651 2331 1913 2371; x_wconf 82' lang='lat' dir='ltr'>congesserunt</span> <span class='ocrx_word' id='word_1_384' title='bbox 1929 2323 2136 2372; x_wconf 55' lang='lat' dir='ltr'>Schardiulff</span> 
     </span>
     <span class='ocr_line' id='line_1_45' title="bbox 425 2375 2132 2429; baseline -0.005 -7"><span class='ocrx_word' id='word_1_385' title='bbox 425 2390 627 2429; x_wconf 87' lang='lat' dir='ltr'>Fr,eherus</span> <span class='ocrx_word' id='word_1_386' title='bbox 655 2389 774 2422; x_wconf 81' lang='lat' dir='ltr'>Struv</span> <span class='ocrx_word' id='word_1_387' title='bbox 766 2399 837 2428; x_wconf 85' lang='lat' dir='ltr'>ms,</span> <span class='ocrx_word' id='word_1_388' title='bbox 866 2388 944 2420; x_wconf 86' lang='lat' dir='ltr'>alii.</span> <span class='ocrx_word' id='word_1_389' title='bbox 1032 2386 1059 2407; x_wconf 87' lang='lat'>¹²</span> <span class='ocrx_word' id='word_1_390' title='bbox 1085 2386 1141 2429; x_wconf 86' lang='lat' dir='ltr'>ac]</span> <span class='ocrx_word' id='word_1_391' title='bbox 1170 2391 1207 2418; x_wconf 89' lang='lat' dir='ltr'>at</span> <span class='ocrx_word' id='word_1_392' title='bbox 1227 2390 1257 2418; x_wconf 97' lang='grc'>6.</span> <span class='ocrx_word' id='word_1_393' title='bbox 1345 2385 1370 2407; x_wconf 78' lang='lat'>¹¹</span> <span class='ocrx_word' id='word_1_394' title='bbox 1394 2387 1560 2429; x_wconf 81' lang='lat' dir='ltr'>negociis</span> <span class='ocrx_word' id='word_1_395' title='bbox 1577 2386 1610 2417; x_wconf 89' lang='lat' dir='ltr'><em>E</em></span> <span class='ocrx_word' id='word_1_396' title='bbox 1629 2387 1659 2416; x_wconf 88' lang='grc'>6.</span> <span class='ocrx_word' id='word_1_397' title='bbox 1732 2384 1759 2405; x_wconf 78' lang='lat'>¹⁰</span> <span class='ocrx_word' id='word_1_398' title='bbox 1783 2384 1926 2416; x_wconf 83' lang='lat' dir='ltr'>militiae</span> <span class='ocrx_word' id='word_1_399' title='bbox 1953 2375 2132 2426; x_wconf 57' lang='lat' dir='ltr'>ageremp</span> 
     </span>
     <span class='ocr_line' id='line_1_46' title="bbox 428 2437 2188 2486; baseline -0.005 -8"><span class='ocrx_word' id='word_1_400' title='bbox 428 2457 471 2478; x_wconf 80' lang='lat' dir='ltr'>an</span> <span class='ocrx_word' id='word_1_401' title='bbox 489 2446 661 2478; x_wconf 85' lang='lat' dir='ltr'>militiam</span> <span class='ocrx_word' id='word_1_402' title='bbox 679 2447 758 2478; x_wconf 80' lang='lat' dir='ltr'>sive</span> <span class='ocrx_word' id='word_1_403' title='bbox 776 2444 937 2476; x_wconf 76' lang='lat' dir='ltr'>militem·</span> <span class='ocrx_word' id='word_1_404' title='bbox 950 2445 1120 2486; x_wconf 75' lang='lat' dir='ltr'>agerem?</span> <span class='ocrx_word' id='word_1_405' title='bbox 1172 2443 1198 2464; x_wconf 82' lang='lat'>²¹</span> <span class='ocrx_word' id='word_1_406' title='bbox 1225 2443 1399 2476; x_wconf 83' lang='lat' dir='ltr'>Richardi</span> <span class='ocrx_word' id='word_1_407' title='bbox 1416 2442 1624 2474; x_wconf 81' lang='lat' dir='ltr'>Bartholini</span> <span class='ocrx_word' id='word_1_408' title='bbox 1643 2440 1842 2481; x_wconf 64' lang='lat' dir='ltr'>d‘emsini)</span> <span class='ocrx_word' id='word_1_409' title='bbox 1859 2440 1931 2472; x_wconf 75' lang='lat' dir='ltr'>viri</span> <span class='ocrx_word' id='word_1_410' title='bbox 1955 2437 2134 2475; x_wconf 48' lang='lat' dir='ltr'>eruditis&amp;</span> <span class='ocrx_word' id='word_1_411' title='bbox 2186 2461 2188 2466; x_wconf 83' lang='lat'><em>-</em></span> 
     </span>
     <span class='ocr_line' id='line_1_47' title="bbox 427 2493 2130 2544; baseline -0.004 -11"><span class='ocrx_word' id='word_1_412' title='bbox 427 2502 471 2533; x_wconf 89' lang='lat' dir='ltr'>de</span> <span class='ocrx_word' id='word_1_413' title='bbox 499 2505 680 2534; x_wconf 89' lang='lat' dir='ltr'>conventu</span> <span class='ocrx_word' id='word_1_414' title='bbox 704 2501 929 2544; x_wconf 87' lang='lat' dir='ltr'>Augustensi</span> <span class='ocrx_word' id='word_1_415' title='bbox 955 2500 1135 2532; x_wconf 82' lang='lat' dir='ltr'>concinna</span> <span class='ocrx_word' id='word_1_416' title='bbox 1160 2499 1289 2538; x_wconf 62' lang='lat' dir='ltr'>deser„</span> <span class='ocrx_word' id='word_1_417' title='bbox 1316 2499 1425 2531; x_wconf 86' lang='lat' dir='ltr'>rebus</span> <span class='ocrx_word' id='word_1_418' title='bbox 1452 2500 1563 2530; x_wconf 86' lang='lat' dir='ltr'>etiam</span> <span class='ocrx_word' id='word_1_419' title='bbox 1590 2503 1771 2529; x_wconf 77' lang='lat' dir='ltr'>externar.</span> <span class='ocrx_word' id='word_1_420' title='bbox 1799 2497 1962 2539; x_wconf 85' lang='lat' dir='ltr'>gentium</span> <span class='ocrx_word' id='word_1_421' title='bbox 1986 2493 2130 2537; x_wconf 63' lang='lat' dir='ltr'>quaeiu-</span> 
     </span>
     <span class='ocr_line' id='line_1_48' title="bbox 426 2546 2129 2600; baseline -0.003 -10"><span class='ocrx_word' id='word_1_422' title='bbox 426 2559 533 2590; x_wconf 89' lang='lat' dir='ltr'>terim</span> <span class='ocrx_word' id='word_1_423' title='bbox 557 2562 663 2600; x_wconf 83' lang='lat' dir='ltr'>gesta</span> <span class='ocrx_word' id='word_1_424' title='bbox 681 2561 780 2595; x_wconf 81' lang='lat' dir='ltr'>sunt,</span> <span class='ocrx_word' id='word_1_425' title='bbox 808 2567 888 2589; x_wconf 86' lang='lat' dir='ltr'>cum</span> <span class='ocrx_word' id='word_1_426' title='bbox 908 2556 1097 2598; x_wconf 84' lang='lat' dir='ltr'>elegantia</span> <span class='ocrx_word' id='word_1_427' title='bbox 1114 2556 1332 2587; x_wconf 86' lang='lat' dir='ltr'>intersertis.</span> <span class='ocrx_word' id='word_1_428' title='bbox 1352 2565 1379 2586; x_wconf 89' lang='lat' dir='ltr'>s.</span> <span class='ocrx_word' id='word_1_429' title='bbox 1397 2555 1421 2586; x_wconf 94' lang='grc'>1.</span> <span class='ocrx_word' id='word_1_430' title='bbox 1441 2559 1477 2586; x_wconf 86' lang='lat' dir='ltr'>et</span> <span class='ocrx_word' id='word_1_431' title='bbox 1495 2565 1528 2586; x_wconf 85' lang='lat' dir='ltr'>a.</span> <span class='ocrx_word' id='word_1_432' title='bbox 1554 2554 1601 2585; x_wconf 75' lang='lat'>4⁰.</span> <span class='ocrx_word' id='word_1_433' title='bbox 1619 2565 1653 2596; x_wconf 93' lang='lat' dir='ltr'>p.</span> <span class='ocrx_word' id='word_1_434' title='bbox 1674 2553 1736 2584; x_wconf 90' lang='lat' dir='ltr'>ult.</span> <span class='ocrx_word' id='word_1_435' title='bbox 1757 2553 1918 2594; x_wconf 84' lang='lat' dir='ltr'>(repetit.</span> <span class='ocrx_word' id='word_1_436' title='bbox 1937 2561 1993 2593; x_wconf 85' lang='lat' dir='ltr'>ap.</span> <span class='ocrx_word' id='word_1_437' title='bbox 2011 2546 2129 2585; x_wconf 57' lang='lat' dir='ltr'>sch*</span> 
     </span>
     <span class='ocr_line' id='line_1_49' title="bbox 425 2600 2139 2660; baseline -0.005 -14"><span class='ocrx_word' id='word_1_438' title='bbox 425 2614 526 2645; x_wconf 89' lang='lat' dir='ltr'>horn.</span> <span class='ocrx_word' id='word_1_439' title='bbox 552 2615 739 2647; x_wconf 85' lang='lat' dir='ltr'>Amoenitt.</span> <span class='ocrx_word' id='word_1_440' title='bbox 758 2614 805 2645; x_wconf 91' lang='grc' dir='ltr'>ΙΙ.</span> <span class='ocrx_word' id='word_1_441' title='bbox 835 2625 870 2656; x_wconf 90' lang='lat' dir='ltr'>p.</span> <span class='ocrx_word' id='word_1_442' title='bbox 888 2612 978 2645; x_wconf 87' lang='grc'><strong><em>666.</em></strong></span> <span class='ocrx_word' id='word_1_443' title='bbox 984 2611 1085 2652; x_wconf 79' lang='grc'><strong><em>.709.,</em></strong></span> <span class='ocrx_word' id='word_1_444' title='bbox 1128 2613 1216 2644; x_wconf 86' lang='lat' dir='ltr'>item</span> <span class='ocrx_word' id='word_1_445' title='bbox 1235 2622 1293 2654; x_wconf 83' lang='lat' dir='ltr'>ap.</span> <span class='ocrx_word' id='word_1_446' title='bbox 1312 2611 1575 2652; x_wconf 81' lang='lat' dir='ltr'>Scnckenberg</span> <span class='ocrx_word' id='word_1_447' title='bbox 1606 2609 1678 2641; x_wconf 80' lang='lat' dir='ltr'>Sel.</span> <span class='ocrx_word' id='word_1_448' title='bbox 1704 2610 1772 2640; x_wconf 91' lang='lat' dir='ltr'>iur.</span> <span class='ocrx_word' id='word_1_449' title='bbox 1799 2612 1836 2640; x_wconf 83' lang='lat' dir='ltr'>et</span> <span class='ocrx_word' id='word_1_450' title='bbox 1859 2608 1944 2640; x_wconf 82' lang='lat' dir='ltr'>hist.</span> <span class='ocrx_word' id='word_1_451' title='bbox 1970 2600 2139 2660; x_wconf 41' lang='lat' dir='ltr'>tom-ff</span> 
     </span>
     <span class='ocr_line' id='line_1_50' title="bbox 425 2661 2204 2712; baseline -0.004 -11"><span class='ocrx_word' id='word_1_452' title='bbox 425 2671 484 2701; x_wconf 82' lang='lat' dir='ltr'>Ff.</span> <span class='ocrx_word' id='word_1_453' title='bbox 505 2669 600 2702; x_wconf 84' lang='lat'>1738.</span> <span class='ocrx_word' id='word_1_454' title='bbox 627 2669 673 2701; x_wconf 90' lang='lat'>8⁰.</span> <span class='ocrx_word' id='word_1_455' title='bbox 699 2681 733 2712; x_wconf 90' lang='lat' dir='ltr'>p.</span> <span class='ocrx_word' id='word_1_456' title='bbox 751 2669 842 2701; x_wconf 79' lang='lat'>627..</span> <span class='ocrx_word' id='word_1_457' title='bbox 849 2667 955 2710; x_wconf 83' lang='lat'>.68.0)</span> <span class='ocrx_word' id='word_1_458' title='bbox 987 2669 1062 2709; x_wconf 83' lang='lat' dir='ltr'>„Et</span> <span class='ocrx_word' id='word_1_459' title='bbox 1086 2668 1118 2700; x_wconf 90' lang='lat' dir='ltr'>si</span> <span class='ocrx_word' id='word_1_460' title='bbox 1142 2678 1208 2699; x_wconf 89' lang='lat' dir='ltr'>nos</span> <span class='ocrx_word' id='word_1_461' title='bbox 1232 2667 1345 2699; x_wconf 83' lang='lat' dir='ltr'>multa</span> <span class='ocrx_word' id='word_1_462' title='bbox 1369 2678 1442 2699; x_wconf 91' lang='lat' dir='ltr'>non</span> <span class='ocrx_word' id='word_1_463' title='bbox 1466 2667 1573 2698; x_wconf 81' lang='lat' dir='ltr'>inviti</span> <span class='ocrx_word' id='word_1_464' title='bbox 1596 2665 1883 2708; x_wconf 84' lang='lat' dir='ltr'>praeterivimus,</span> <span class='ocrx_word' id='word_1_465' title='bbox 1916 2661 2056 2705; x_wconf 77' lang='lat' dir='ltr'>quando</span> <span class='ocrx_word' id='word_1_466' title='bbox 2199 2668 2204 2678; x_wconf 88' lang='lat'>¹</span> 
     </span>
     <span class='ocr_line' id='line_1_51' title="bbox 426 2716 2091 2768; baseline -0.004 -11"><span class='ocrx_word' id='word_1_467' title='bbox 426 2726 534 2766; x_wconf 88' lang='lat' dir='ltr'>„dem</span> <span class='ocrx_word' id='word_1_468' title='bbox 551 2725 715 2757; x_wconf 89' lang='lat' dir='ltr'>nonnulli</span> <span class='ocrx_word' id='word_1_469' title='bbox 735 2726 916 2768; x_wconf 82' lang='lat' dir='ltr'>quaepiam</span> <span class='ocrx_word' id='word_1_470' title='bbox 934 2728 1043 2766; x_wconf 83' lang='lat' dir='ltr'>atque</span> <span class='ocrx_word' id='word_1_471' title='bbox 1060 2725 1246 2756; x_wconf 86' lang='lat' dir='ltr'>Huttenus</span> <span class='ocrx_word' id='word_1_472' title='bbox 1263 2733 1364 2756; x_wconf 88' lang='lat' dir='ltr'>meus</span> <span class='ocrx_word' id='word_1_473' title='bbox 1390 2723 1567 2765; x_wconf 86' lang='lat' dir='ltr'>imprimis</span> <span class='ocrx_word' id='word_1_474' title='bbox 1593 2726 1629 2754; x_wconf 90' lang='lat' dir='ltr'>et</span> <span class='ocrx_word' id='word_1_475' title='bbox 1653 2731 1803 2753; x_wconf 83' lang='lat' dir='ltr'>munera</span> <span class='ocrx_word' id='word_1_476' title='bbox 1819 2716 2091 2753; x_wconf 73' lang='lat' dir='ltr'>Reverendiss</span> 
     </span>
     <span class='ocr_line' id='line_1_52' title="bbox 426 2772 2136 2829; baseline -0.005 -15.867"><span class='ocrx_word' id='word_1_477' title='bbox 426 2781 643 2820; x_wconf 81' lang='lat' dir='ltr'>„Cardinali</span> <span class='ocrx_word' id='word_1_478' title='bbox 661 2781 876 2823; x_wconf 80' lang='lat' dir='ltr'>Moguntino</span> <span class='ocrx_word' id='word_1_479' title='bbox 901 2781 989 2812; x_wconf 85' lang='lat' dir='ltr'>data</span> <span class='ocrx_word' id='word_1_480' title='bbox 1014 2784 1051 2812; x_wconf 84' lang='lat' dir='ltr'>et</span> <span class='ocrx_word' id='word_1_481' title='bbox 1074 2781 1170 2812; x_wconf 86' lang='lat' dir='ltr'>hunc</span> <span class='ocrx_word' id='word_1_482' title='bbox 1197 2783 1431 2819; x_wconf 84' lang='lat' dir='ltr'>conventum,</span> <span class='ocrx_word' id='word_1_483' title='bbox 1458 2779 1700 2810; x_wconf 85' lang='lat' dir='ltr'>Romanorum</span> <span class='ocrx_word' id='word_1_484' title='bbox 1726 2787 1850 2820; x_wconf 85' lang='lat' dir='ltr'>regem</span> <span class='ocrx_word' id='word_1_485' title='bbox 1873 2772 2136 2829; x_wconf 36' lang='lat' dir='ltr'>parturient&amp;</span> 
     </span>
     <span class='ocr_line' id='line_1_53' title="bbox 426 2828 2184 2885; baseline -0.005 -15.88"><span class='ocrx_word' id='word_1_486' title='bbox 426 2837 715 2879; x_wconf 81' lang='lat' dir='ltr'>„·desc1ipserit.</span> <span class='ocrx_word' id='word_1_487' title='bbox 792 2837 940 2868; x_wconf 83' lang='lat' dir='ltr'>&#39;Extat</span> <span class='ocrx_word' id='word_1_488' title='bbox 965 2837 1077 2868; x_wconf 86' lang='lat' dir='ltr'>etiam</span> <span class='ocrx_word' id='word_1_489' title='bbox 1104 2836 1263 2868; x_wconf 85' lang='lat' dir='ltr'>eiusdem</span> <span class='ocrx_word' id='word_1_490' title='bbox 1289 2836 1419 2867; x_wconf 81' lang='lat' dir='ltr'>Oratio</span> <span class='ocrx_word' id='word_1_491' title='bbox 1446 2835 1491 2867; x_wconf 86' lang='lat' dir='ltr'>ad</span> <span class='ocrx_word' id='word_1_492' title='bbox 1515 2836 1604 2876; x_wconf 89' lang='lat' dir='ltr'>Imp.</span> <span class='ocrx_word' id='word_1_493' title='bbox 1640 2834 1732 2866; x_wconf 84' lang='lat' dir='ltr'>Caes.</span> <span class='ocrx_word' id='word_1_494' title='bbox 1750 2830 2011 2864; x_wconf 72' lang='lat' dir='ltr'>Maximilianfi</span> <span class='ocrx_word' id='word_1_495' title='bbox 2038 2828 2135 2885; x_wconf 51' lang='lat' dir='ltr'>A*</span> <span class='ocrx_word' id='word_1_496' title='bbox 2182 2875 2184 2877; x_wconf 26' lang='grc' dir='ltr'>Ι</span> 
     </span>
    </p>
   </div>
   <div class='ocr_carea' id='block_1_12' title="bbox 425 2861 2158 3049">
    <p class='ocr_par' dir='ltr' id='par_1_14' title="bbox 425 2861 2158 3049">
     <span class='ocr_line' id='line_1_54' title="bbox 427 2861 2158 3049; baseline -0.003 -126"><span class='ocrx_word' id='word_1_497' title='bbox 427 2902 470 2923; x_wconf 82' lang='lat' dir='ltr'>ac</span> <span class='ocrx_word' id='word_1_498' title='bbox 501 2891 671 2934; x_wconf 83' lang='lat' dir='ltr'>potentis.</span> <span class='ocrx_word' id='word_1_499' title='bbox 707 2861 943 2926; x_wconf 60' lang='lat' dir='ltr'>Germaniam</span> <span class='ocrx_word' id='word_1_500' title='bbox 975 2893 1185 2934; x_wconf 79' lang='lat' dir='ltr'>Principes,</span> <span class='ocrx_word' id='word_1_501' title='bbox 1220 2892 1263 2924; x_wconf 89' lang='lat' dir='ltr'>de</span> <span class='ocrx_word' id='word_1_502' title='bbox 1302 2891 1533 2934; x_wconf 82' lang='lat' dir='ltr'>expeditione</span> <span class='ocrx_word' id='word_1_503' title='bbox 1561 2894 1687 2922; x_wconf 86' lang='lat' dir='ltr'>contra</span> <span class='ocrx_word' id='word_1_504' title='bbox 1711 2890 1852 2921; x_wconf 84' lang='lat' dir='ltr'>Turcas</span> <span class='ocrx_word' id='word_1_505' title='bbox 1887 2879 2158 3049; x_wconf 39' lang='lat' dir='ltr'>suscipis&amp;</span> 
     </span>
     <span class='ocr_line' id='line_1_55' title="bbox 425 2939 2034 2990; baseline -0.002 -12"><span class='ocrx_word' id='word_1_506' title='bbox 425 2948 515 2989; x_wconf 87' lang='lat' dir='ltr'>Aug.</span> <span class='ocrx_word' id='word_1_507' title='bbox 535 2948 639 2979; x_wconf 71' lang='lat' dir='ltr'>Vind.</span> <span class='ocrx_word' id='word_1_508' title='bbox 661 2959 718 2990; x_wconf 86' lang='lat' dir='ltr'>ap.</span> <span class='ocrx_word' id='word_1_509' title='bbox 739 2947 836 2981; x_wconf 88' lang='lat' dir='ltr'>Grim</span> <span class='ocrx_word' id='word_1_510' title='bbox 859 2949 887 2981; x_wconf 61' lang='grc' dir='ltr'>ἃ</span> <span class='ocrx_word' id='word_1_511' title='bbox 911 2949 969 2981; x_wconf 80' lang='lat' dir='ltr'>W·</span> <span class='ocrx_word' id='word_1_512' title='bbox 960 2958 1095 2990; x_wconf 75' lang='lat' dir='ltr'>irsung.</span> <span class='ocrx_word' id='word_1_513' title='bbox 1131 2948 1225 2980; x_wconf 81' lang='lat'>1518.</span> <span class='ocrx_word' id='word_1_514' title='bbox 1255 2947 1306 2979; x_wconf 75' lang='lat'>12.</span> <span class='ocrx_word' id='word_1_515' title='bbox 1327 2948 1426 2989; x_wconf 83' lang='lat' dir='ltr'>Sept.</span> <span class='ocrx_word' id='word_1_516' title='bbox 1451 2947 1499 2978; x_wconf 75' lang='lat'>4⁰.</span> <span class='ocrx_word' id='word_1_517' title='bbox 1525 2946 1699 2978; x_wconf 78' lang='lat' dir='ltr'>Eiusdem</span> <span class='ocrx_word' id='word_1_518' title='bbox 1718 2939 2034 2987; x_wconf 74' lang='lat' dir='ltr'>HodoeporieonC</span> 
     </span>
    </p>
   </div>
   <div class='ocr_carea' id='block_1_13' title="bbox 426 2999 2224 3106">
    <p class='ocr_par' dir='ltr' id='par_1_15' title="bbox 426 2999 2224 3103">
     <span class='ocr_line' id='line_1_56' title="bbox 426 2999 2186 3046; baseline -0.001 -13"><span class='ocrx_word' id='word_1_519' title='bbox 426 3003 522 3034; x_wconf 85' lang='lat' dir='ltr'>nalis</span> <span class='ocrx_word' id='word_1_520' title='bbox 548 3003 744 3036; x_wconf 83' lang='lat' dir='ltr'>Gurcensis</span> <span class='ocrx_word' id='word_1_521' title='bbox 777 3015 855 3036; x_wconf 87' lang='lat' dir='ltr'>eum</span> <span class='ocrx_word' id='word_1_522' title='bbox 880 3005 995 3038; x_wconf 70' lang='lat' dir='ltr'>iai-iis</span> <span class='ocrx_word' id='word_1_523' title='bbox 1022 3004 1244 3037; x_wconf 84' lang='lat' dir='ltr'>carminibus</span> <span class='ocrx_word' id='word_1_524' title='bbox 1269 3005 1465 3046; x_wconf 86' lang='lat' dir='ltr'>repetitum</span> <span class='ocrx_word' id='word_1_525' title='bbox 1497 3006 1552 3034; x_wconf 79' lang='lat' dir='ltr'>est</span> <span class='ocrx_word' id='word_1_526' title='bbox 1577 3003 1615 3034; x_wconf 92' lang='lat' dir='ltr'>in</span> <span class='ocrx_word' id='word_1_527' title='bbox 1638 3003 1721 3034; x_wconf 84' lang='lat' dir='ltr'>Rer.</span> <span class='ocrx_word' id='word_1_528' title='bbox 1749 2999 1995 3033; x_wconf 71' lang='lat' dir='ltr'>Germanidar.</span> <span class='ocrx_word' id='word_1_529' title='bbox 2184 3039 2186 3043; x_wconf 20' lang='lat' dir='ltr'>y</span> 
     </span>
     <span class='ocr_line' id='line_1_57' title="bbox 428 3052 2224 3106; baseline 0.001 -16"><span class='ocrx_word' id='word_1_530' title='bbox 428 3068 471 3090; x_wconf 81' lang='lat' dir='ltr'>ex</span> <span class='ocrx_word' id='word_1_531' title='bbox 494 3058 581 3090; x_wconf 88' lang='lat' dir='ltr'>bibl.</span> <span class='ocrx_word' id='word_1_532' title='bbox 600 3059 752 3092; x_wconf 71' lang='lat' dir='ltr'>Ireheri</span> <span class='ocrx_word' id='word_1_533' title='bbox 778 3070 852 3096; x_wconf 83' lang='lat' dir='ltr'>cur.</span> <span class='ocrx_word' id='word_1_534' title='bbox 877 3062 917 3094; x_wconf 93' lang='lat' dir='ltr'>B</span> <span class='ocrx_word' id='word_1_535' title='bbox 944 3061 986 3093; x_wconf 83' lang='lat' dir='ltr'>G.</span> <span class='ocrx_word' id='word_1_536' title='bbox 1013 3060 1176 3102; x_wconf 75' lang='lat' dir='ltr'>Struvio,</span> <span class='ocrx_word' id='word_1_537' title='bbox 1204 3064 1289 3094; x_wconf 88' lang='lat' dir='ltr'>tom.</span> <span class='ocrx_word' id='word_1_538' title='bbox 1308 3060 1356 3092; x_wconf 92' lang='grc' dir='ltr'>ΙΙ.</span> <span class='ocrx_word' id='word_1_539' title='bbox 1382 3061 1574 3103; x_wconf 83' lang='lat' dir='ltr'>Argentor.</span> <span class='ocrx_word' id='word_1_540' title='bbox 1597 3057 1692 3090; x_wconf 85' lang='lat'>1717.</span> <span class='ocrx_word' id='word_1_541' title='bbox 1720 3056 1783 3090; x_wconf 85' lang='lat' dir='ltr'>fol.</span> <span class='ocrx_word' id='word_1_542' title='bbox 1809 3067 1843 3106; x_wconf 84' lang='lat' dir='ltr'>p.</span> <span class='ocrx_word' id='word_1_543' title='bbox 1853 3054 1943 3088; x_wconf 91' lang='grc'><strong><em>613.</em></strong></span> <span class='ocrx_word' id='word_1_544' title='bbox 1947 3052 2035 3091; x_wconf 67' lang='lat'>..072</span> <span class='ocrx_word' id='word_1_545' title='bbox 2079 3056 2124 3090; x_wconf 56' lang='lat'>³¹0</span> <span class='ocrx_word' id='word_1_546' title='bbox 2218 3078 2224 3086; x_wconf 81' lang='lat'><em>-</em></span> 
     </span>
    </p>
   </div>
   <div class='ocr_carea' id='block_1_14' title="bbox 2177 0 2232 3568">
    <p class='ocr_par' dir='ltr' id='par_1_16' title="bbox 2177 0 2232 3568">
     <span class='ocr_line' id='line_1_58' title="bbox 2177 0 2232 3568; baseline 0 0"><span class='ocrx_word' id='word_1_547' title='bbox 2177 0 2232 3568; x_wconf 95' lang='lat' dir='ltr'> </span> 
     </span>
    </p>
   </div>
  </div>
 </body>
</html>
