2232 3568
409 198 504 246 352
555 208 730 242 CLXVII.
750 217 857 240 anT.
872 216 1022 238 memus
1036 214 1075 237 m
1090 214 1201 237 emm.
1229 203 1424 236 CLXVIII.
1444 214 1681 236 Exnon’rmxo
1694 214 1742 237 An
1756 214 1965 238 GERMANOS.

406 332 601 359 summum
642 320 716 357 iam
752 317 1022 357 conscenderit
1051 315 1262 367 tyrannidis
1292 315 1407 354 huius
1436 320 1668 364 grassatura.
1728 316 1811 355 Hoc
1842 317 1954 355 facite
1986 322 2024 356 et
2051 331 2113 357 va-

405 387 491 425 lete.
554 387 658 424 Inter
689 384 939 435 equitandum
969 383 1029 421 VI.
1063 382 1190 422 Galen.
1225 383 1333 422 lunii.
1364 383 1476 421 Anno
1506 383 1554 421 Μ.
1569 383 1612 421 D.
1627 383 1706 422 XX.

605 451 695 489 Vive.
726 451 913 489 Libertas.

1061 529 1191 555 ῙΑΟΤΑ
1222 530 1302 556 Εετ
1332 529 1455 555 ALEA.

1115 805 1396 854 CLXVIII.
1660 838 1663 843 -
2129 821 2144 848 ⁵

640 922 988 959 EXHORTATIO
1018 922 1086 957 AD
1118 921 1404 958 GERMANOS
1441 921 1508 957 VT
1534 920 1885 956 RESIPISCANT

906 983 966 1009 EX
1001 983 1176 1010 VETVsTo
1203 983 1348 1010 coeloe
1376 982 1610 1009 DESCRIPTA.

518 1057 807 1103 Compatiamini
836 1057 1050 1102 vobisipsis,
1083 1058 1262 1092 attendite
1293 1060 1329 1091 et
1359 1056 1496 1099 videte,
1528 1057 1617 1101 quia
1648 1065 1716 1090 cea
1747 1054 1932 1090 hactenus
1955 1066 2032 1100 pro
2059 1055 2115 1092 liis

402 1113 521 1149 habiti
549 1115 655 1159 apud
684 1113 802 1148 Italos
832 1113 937 1147 ducti
964 1114 1106 1147 clausis
1135 1113 1252 1148 oculis
1281 1114 1319 1147 in.
1350 1113 1565 1147 servitutem
1597 1112 1686 1146 estis
1715 1111 1881 1146 mirabili
1908 1112 2114 1157 sayaeitate

401 1174 437 1204 et
467 1170 588 1204 verbis
619 1170 719 1203 omni
749 1170 913 1203 versutia
943 1173 977 1202 et
1015 1169 1219 1202 calliditate
1251 1168 1396 1213 plenis,
1438 1168 1598 1213 speeiem
1637 1167 1724 1201 boni
1759 1168 1974 1202 extrinsece
2013 1174 2157 1202 men-1⁰

402 1225 596 1267 Mentibus,
645 1225 762 1267 unde,
811 1225 950 1258 misera
988 1223 1212 1267 Germania,
1263 1223 1445 1269 quomodo
1482 1224 1574 1258 deus
1611 1224 1841 1268 compatitur
1881 1223 2116 1268 oppressioni

402 1284 493 1324 tuce,
540 1291 652 1329 quam
688 1285 850 1325 propter
879 1289 963 1314 eum
994 1280 1066 1314 istu
1104 1281 1323 1314 iamdudum
1359 1289 1477 1324 passa
1517 1289 1574 1322 es,
1617 1277 1736 1324 facile
1774 1279 1952 1321 credens,
1997 1279 2114 1314 subito

402 1337 595 1380 obediens,
642 1337 765 1371 omnia
804 1336 846 1371 ob
886 1337 948 1370 dei
984 1336 1152 1370 timorem
1192 1337 1243 1371 ad
1271 1336 1430 1370 salutem
1466 1335 1684 1370 necessaria
1720 1335 1956 1370 existimans.
2016 1335 2114 1370 Ecce

401 1393 551 1427 iambis
572 1393 769 1428 concilium
793 1393 844 1427 ad
863 1395 990 1426 terras
1012 1396 1097 1427 teias
1126 1397 1394 1437 coiiyreyatitin
1423 1396 1498 1435 est,
1530 1395 1570 1426 ut
1601 1391 1774 1434 audires,
1806 1400 1965 1436 saperes
1994 1389 2031 1425 et
2059 1391 2114 1425 in-

401 1450 587 1494 telliyeres
626 1449 808 1494 quomodo
846 1448 1045 1492 deciperis.
1114 1447 1224 1493 Scope
1260 1449 1401 1493 sceptus
1440 1452 1526 1482 (ιηίε
1564 1448 1690 1482 oculos
1733 1450 1816 1481 tuos
1859 1447 2008 1493 reponit
2050 1453 2156 1481 σιτ-15

401 1505 582 1547 liminius,
628 1505 846 1547 servitutes,
893 1504 1113 1538 exactiones
1151 1509 1186 1539 et
1223 1508 1360 1540 cuncta
1400 1514 1484 1549 quie
1521 1504 1658 1538 iniuste
1694 1503 1862 1548 pateris,
1907 1505 1949 1537 ut
1978 1505 2012 1536 te
2042 1512 2114 1537 non

399 1561 582 1605 superbe,
621 1561 690 1595 sed
717 1561 912 1605 sapienter
941 1564 977 1594 et
1014 1560 1291 1595 rationabiliter
1330 1570 1446 1594 eruas
1482 1569 1551 1604 ope
1592 1563 1628 1594 et
1666 1559 1852 1594 adiutorio
1890 1558 2116 1594 universalis

400 1617 558 1651 concilii.
618 1615 839 1651 Mirandum
869 1625 991 1661 supra
1022 1617 1170 1650 modum
1202 1616 1303 1661 quod
1340 1616 1597 1661 oppressionis
1632 1616 1826 1650 immemor
1863 1624 1913 1649 es.
1974 1613 2114 1649 Recor-

400 1674 494 1708 dare
526 1673 590 1717 qui
619 1673 658 1706 in
690 1673 782 1707 arbe
804 1672 978 1707 Romana
1009 1673 1229 1707 cardinales
1251 1676 1317 1706 aut
1332 1673 1506 1717 prcelati,
1539 1675 1575 1706 et
1595 1675 1771 1706 neutrum
1795 1670 2024 1706 Germanum
2055 1679 2113 1705 re-

393 1730 525 1774 peries
554 1729 736 1774 cuiusque
768 1729 1019 1773 reputationis
1050 1729 1211 1763 aliorum
1242 1732 1429 1773 respectu.
1491 1727 1714 1763 Recordare
1736 1728 1801 1773 qui
1819 1728 1921 1762 servi
1939 1729 1975 1762 et
1999 1724 2112 1772 fami·
2124 1731 2156 1758 20

399 1786 534 1827 liures,
567 1786 632 1830 qui
650 1794 846 1819 servorum
867 1786 986 1829 servi,
1020 1786 1085 1829 qui
1104 1786 1201 1828 coci,
1234 1785 1299 1830 qui
1312 1785 1479 1829 pistores
1508 1784 1779 1827 cardinalium,
1812 1784 1878 1828 qui
1902 1782 2113 1826 stabularii,

400 1842 466 1886 qui
494 1841 832 1886 bydriopliylaees‚
865 1841 937 1887 qui
959 1850 1163 1886 ayasonae,
1203 1841 1269 1886 qui
1297 1841 1497 1883 muliones,
1537 1844 1572 1874 et
1602 1841 1771 1885 reperies
1801 1848 1928 1874 omnes
1960 1838 2138 1882 Germa-N

400 1907 487 1933 nos:
525 1898 648 1931 omnia
681 1901 804 1932 cautem
835 1897 1118 1941 despectissima
1149 1895 1280 1943 officia
1311 1897 1376 1931 tibi
1404 1897 1515 1941 quasi
1543 1896 1588 1930 ab
1618 1896 1687 1931 hoc
1708 1896 1832 1931 nescio
1853 1906 1926 1941 quo
1946 1893 2114 1940 infausto

400 1953 519 1988 omine
550 1954 727 1987 damnato
757 1957 974 1988 servantur.
1037 1952 1163 1998 Cogyila
1195 1954 1246 1988 ad
1275 1953 1367 1998 quid
1402 1953 1483 1988 ltcee
1523 1961 1640 1987 onera
1679 1953 1864 1990 sustines;
1903 1960 2027 1986 nonne
2066 1951 2115 1986 ad

398 2009 516 2043 solum
547 2010 850 2054 consequendum
881 2009 1157 2054 beneficiolum,
1186 2008 1290 2056 forte
1321 2009 1372 2044 ad
1397 2008 1661 2054 fundationem
1690 2012 1895 2053 parentum
1927 2011 1993 2042 aut
2022 2007 2111 2042 ami·
2123 2010 2155 2036 25

399 2076 529 2100 corum
561 2070 731 2103 tuoruum
763 2075 830 2100 nee
857 2077 931 2110 pro
954 2066 1012 2100 leis
1033 2066 1202 2101 omnibus
1223 2066 1425 2101 sudoribus
1446 2066 1519 2100 tais
1537 2064 1655 2110 facile
1675 2065 1929 2110 consequeris.
1971 2062 2111 2109 Super-

398 2125 456 2156 est
484 2125 525 2156 αἱ
555 2121 697 2167 affluat
726 2122 844 2156 sudor
868 2125 1075 2167 parentum
1107 2126 1278 2165 tuorum,
1311 2126 1345 2156 et
1376 2122 1420 2156 de
1451 2122 1663 2156 substantia
1691 2131 1762 2156 sua
1792 2121 1998 2165 scepissime
2024 2129 2110 2155 con-

398 2178 567 2213 tribuant
597 2178 888 2221 mediatoribus,
926 2189 1084 2223 quorum
1117 2179 1239 2213 studio
1269 2178 1450 2223 beneficia
1476 2178 1693 2223 pernicioso
1723 2178 1829 2212 titulo
1859 2176 2110 2222 consequeris,

399 2297 597 2330 CLXVIII.
639 2298 731 2329 Haec
755 2298 973 2329 Exhortatio
998 2301 1081 2339 post
1105 2297 1269 2329 libellum
1296 2297 1341 2328 ab
1368 2297 1656 2329 Eschenfeldero
1689 2296 1972 2339 (Cinicampium
2003 2306 2110 2329 voca-

398 2354 452 2385 vit
468 2353 655 2394 Erasmus)
682 2354 774 2385 dono
793 2354 918 2385 datum
935 2354 1099 2385 Hutteuo
1125 2354 1163 2384 in
1190 2353 1354 2395 exemplo
1381 2354 1442 2385 cit.
1471 2354 1562 2394 (Ind.
1581 2354 1671 2385 bibl.
1686 2364 1720 2384 n.
1739 2354 1872 2385 XXIX.
1894 2353 1938 2393 l.)
1964 2352 2108 2395 legitur.

399 2410 550 2441 eandem
576 2421 648 2441 non
673 2413 747 2441 tam
773 2412 922 2451 propter
947 2413 1197 2451 argumentum
1225 2410 1270 2440 ad
1301 2410 1518 2451 gravamina
1549 2410 1710 2441 nationis
1737 2410 1966 2441 Germanicae
1997 2411 2109 2440 totum

397 2469 588 2507 spectans,
616 2466 797 2507 longeque
825 2466 1001 2497 fervidius
1028 2466 1072 2497 ab
1099 2466 1263 2497 Hutteno
1289 2476 1370 2497 cum
1396 2466 1503 2507 epist.
1530 2465 1564 2496 d.
1582 2464 1637 2496 29.
1657 2464 1755 2507 Sept.
1777 2476 1810 2496 a.
1833 2464 1929 2497 1520.
1959 2465 2106 2506 scripta,

396 2525 470 2553 tum
496 2523 532 2553 in
557 2525 727 2564 poemate
756 2522 835 2563 Clay
858 2523 923 2553 vnd
946 2532 1148 2563 vormanunq
1173 2524 1387 2560 tractatum,
1425 2531 1531 2562 quam
1556 2525 1704 2564 propter
1736 2521 1883 2553 dicendi
1917 2531 2031 2563 genus
2063 2519 2107 2552 ab

396 2578 551 2609 Huttcni
577 2578 740 2609 dictione
767 2577 1031 2609 alienissimum
1055 2578 1161 2608 huius
1187 2578 1271 2609 stilo
1298 2578 1462 2619 quamvis
1488 2578 1707 2609 Mcinersius
1735 2577 2013 2619 (Lebensbesclzr.
2040 2575 2104 2607 ΙΙΙ.

396 2644 429 2675 p.
452 2633 525 2665 195.
546 2637 619 2665 not.
638 2632 670 2672 ²⁸)
688 2634 945 2674 vindicaverit,
974 2634 1118 2665 omnino
1138 2633 1422 2665 abiudicandam
1449 2643 1529 2665 csse
1556 2644 1705 2674 censeo,
1738 2636 1779 2665 ut
1805 2633 1916 2665 etiam
1942 2633 2022 2674 ipsa
2047 2631 2106 2663 ad-

820 2690 1040 2722 hortationis
1065 2690 1258 2730 inscriptio
1284 2690 1498 2721 abiudicare
1527 2689 1683 2723 videtur.

484 2779 498 2799 ³
522 2780 615 2812 Vive
640 2779 717 2823 lib.]
746 2782 794 2813 cf.
816 2791 871 2823 ep.
899 2781 944 2812 ad
962 2780 1112 2812 Luther.
1139 2780 1172 2811 d.
1191 2780 1320 2811 4.1un.
1348 2778 1443 2810 1520.
1471 2781 1656 2821 scriptam.
1749 2777 1762 2798 ‘¹
1786 2779 1892 2810 Iacta
1919 2788 1949 2810 e.
1976 2776 2022 2820 a.]
2048 2778 2105 2809 Ita

397 2835 521 2866 Caesar
539 2837 763 2868 Rubiconem
780 2840 1059 2869 transcensurus
1079 2836 1313 2868 exclamavit.
1339 2829 1570 2878 Ἀνερρίφθω
1588 2830 1720 2877 κύβος·
1746 2833 1949 2877 προοίμιον
1971 2829 2014 2866 τὸ
2029 2843 2104 2866 κοι-

399 2888 466 2922 νὸν
483 2893 561 2928 τοῖς
580 2888 634 2929 εἰς
650 2887 764 2934 τύχας
780 2887 1024 2935 ἐμβαίνουσιν
1042 2886 1209 2934 α’πόρους
1226 2889 1290 2924 καὶ
1307 2886 1457 2933 τόλμας.
1484 2892 1670 2923 Plutarch.
1690 2892 1728 2922 in
1745 2891 1813 2922 Iul.
1834 2890 1926 2922 Caes.
1946 2889 2000 2923 32.
2138 2928 2141 2931 Ι

487 2946 509 2966 ¹¹
538 2947 726 2990 quomodo]
754 2950 820 2990 qfio
839 2950 882 2983 Α.
955 2947 983 2969 ¹⁴
1006 2947 1075 2990 bis]
1104 2949 1332 2980 Constantiae
1357 2947 1602 2990 Basileaeque.
1680 2946 1709 2967 ²²
1732 2944 1849 2988 hydr]
1875 2945 2104 2988 hydrophila—

397 3004 452 3033 tos
470 3004 513 3033 A.
555 2997 833 3046 ὑδροφύλακες,
854 3016 1029 3047 aquarum
1047 3005 1215 3037 custodes
1233 3007 1314 3036 nulli
1327 3009 1423 3041 sunt;
1439 2998 1732 3046 ὑδριοφύλακες,
1749 3012 1918 3035 vasorum
1936 3001 2102 3034 custodes

395 3059 545 3099 inlellessi
565 3065 721 3099 apparet.
823 3059 851 3079 ²⁴
876 3060 1008 3103 omine]
1035 3072 1077 3092 an
1103 3062 1271 3092 nomine?

2222 1056 2232 1072 Ν
