2232 3568
2171 0 2203 78 Γ

2172 81 2178 224 ἔ

429 232 489 277 30
531 239 648 271 XIIII.
666 246 774 269 cnon
788 244 835 266 An
850 242 1046 265 nnvcnmu.
1072 231 1148 263 XV.
1158 241 1241 263 nvn.
1252 240 1446 262 AGRICOLAE
1459 240 1507 261 AD
1521 239 1673 262 VAD1AN.
1697 231 1791 262 XVI.
1803 241 1835 262 E.
1846 241 1953 264 nnsm
1966 243 2014 264 AD
2027 243 2133 269 Evnn.

348 365 405 396 §.S.
426 354 557 400 alioqui
586 350 796 387 scriberem:
828 346 924 381 dedit
946 344 1068 380 literas
1089 343 1370 383 Arnohardistae‚
1403 342 1533 390 quibus
1555 343 1614 380 ille
1638 344 1701 380 tibi
1723 344 1858 392 lapides
1887 358 1906 382 e
1928 347 1984 382 via
2009 347 2134 387 tollere

423 408 601 459 pinet-ipim
623 405 753 440 alteras
777 410 853 437 tuas
876 412 963 447 quas
987 406 1023 435 tu
1045 399 1087 435 ad
1109 400 1257 435 eundem
1272 398 1470 435 Arnoldum
1490 400 1651 440 dederas,
1675 402 1910 454 requirendas
1927 403 2048 439 docuit
2063 404 2135 442 Mo-

421 464 553 511 guntiae
583 474 599 496 a
621 458 844 504 choi-digeris
866 456 1046 504 patribus,
1078 467 1156 491 cum
1180 467 1330 502 quorum
1346 455 1518 503 praesecto
1536 457 1712 504 nudipede
1730 458 1765 492 in
1783 458 1939 505 iurgium
1955 459 2130 502 descendi,

421 512 513 568 quod
536 517 692 552 ess'utiret
713 520 747 549 te
769 513 1012 560 iurisperitum
1035 511 1160 547 falcem
1179 511 1317 547 misisse
1339 512 1375 547 in
1396 522 1548 547 messe-m
1578 512 1850 560 theologorum,
1880 515 2048 562 quodque
2069 516 2130 553 im-

421 573 543 623 pietati
571 574 671 607 daret
692 569 903 615 religionem
924 574 1084 605 nostram
1106 567 1167 603 abs
1190 573 1222 603 te
1244 574 1376 604 sectam
1399 572 1567 604 vocatam.
1610 571 1784 616 qua¹renti
1807 571 1891 605 milii
1921 571 1970 606 nil
2000 577 2130 618 praeter
2155 573 2170 599 ⁵

341 642 396 672 §.a
420 633 507 666 lianc
528 627 664 664 sutilem
687 625 922 662 obiectionem
944 624 1162 672 respondere
1182 625 1299 672 potuit
1321 623 1515 660 obliviosus
1537 636 1644 672 agaso
1665 625 1981 663 circumforaneus.
2017 626 2074 663 Sic
2093 639 2131 665 se

419 687 564 723 liabent,
579 677 639 719 ‘eo
661 681 847 718 dementiae
867 691 1062 727 pervenere
1084 680 1245 716 occaecati
1268 680 1381 720 Torii‚
1413 685 1453 715 ut
1475 680 1601 717 nullibi
1624 681 1780 717 residere
1802 683 2007 719 existiment
2029 683 2128 720 theo-

417 742 565 787 logiam,
602 738 891 786 augustissimam
911 737 1108 776 dominam,
1141 747 1243 784 quam
1266 737 1299 771 in
1328 736 1402 771 suis
1432 736 1605 772 obsoletis
1626 737 1795 777 ctetibuS,
1839 750 1943 785 quain
1971 739 2058 774 adeo
2080 739 2130 776 in-

417 799 566 833 honeste
595 795 806 842 plerumque
836 798 1008 834 tractant,
1045 798 1085 828 ut
1112 789 1405 841 putes‘pudicain
1434 799 1633 829 matronam
1663 794 1826 841 rapuisse
1855 794 1890 829 in
1928 794 2128 833 coenohium

416 852 652 889 meretricum.
689 850 754 884 Eas
771 849 893 885 literas
914 855 998 897 post
1018 849 1273 885 domuitionem
1294 849 1400 884 variis
1422 849 1542 885 amicis
1564 850 1644 885 misi
1666 849 1834 897 voluique
1856 863 1921 898 per
1942 850 2127 899 epistolam
2141 852 2170 885 ¹0

417 916 511 945 tuam
541 907 625 943 milii
656 908 812 942 savorem
845 905 1055 946 conciliare;
1095 905 1155 940 sed
1184 905 1440 953 impedimento
1471 906 1571 942 suere
1601 912 1699 941 tanta
1728 906 1868 942 itineris
1898 907 2066 942 distantia
2095 909 2130 944 e‘t

416 965 625 1001 nunciorum
643 962 770 998 raritas
792 962 857 997 hac
878 963 914 997 in
935 961 1143 998 solitudine:
1166 972 1260 997 nunc
1276 954 1433 1009 'primum
1456 974 1492 997 se
1515 962 1618 998 nobis
1640 962 1772 998 obtulit
1793 963 1952 1004 occasio,
1976 975 2043 1011 qua
2068 963 2130 1000 tibi

415 1023 488 1057 inec
509 1018 763 1067 extemporalia
792 1018 1021 1059 effundimus,
1050 1029 1128 1064 quae
1158 1017 1257 1065 legas
1279 1017 1381 1054 velim
1411 1018 1487 1054 sine
1518 1019 1667 1058 iudicio,
1701 1030 1739 1054 ac
1764 1019 1947 1066 egregiam
1968 1024 2129 1056 nostram

415 1079 456 1114 de
480 1083 512 1112 te
533 1075 751 1112 voluntatem
783 1086 826 1110 ne
855 1080 1072 1110 contemnas.
1113 1073 1180 1109 (liis
1209 1073 1346 1121 tibique
1373 1074 1479 1109 thure
1507 1075 1769 1114 sacrific-avere,
1807 1075 1835 1110 si
1864 1087 1919 1111 me
1947 1076 1982 1111 in
2011 1075 2126 1112 album

326 1142 400 1173 §.1st
417 1140 557 1169 tuorum
578 1132 721 1179 legeris.
772 1130 1009 1166 Ilartmannus
1036 1129 1123 1166 iuris
1151 1129 1400 1166 consultorum
1430 1130 1673 1166 nobilissimus
1701 1137 1808 1178 atque
1830 1131 2003 1167 nobilium
2025 1132 2128 1168 iuris·
2139 1133 2169 1163 ¹⁶
2202 1144 2206 1148 “

414 1188 718 1226 consultissimus,
755 1187 808 1222 vir
835 1187 952 1223 clarus
981 1200 998 1222 e
1027 1185 1159 1221 familia
1179 1187 1481 1233 Burggraviorum
1511 1187 1553 1222 de
1576 1187 1794 1234 Kirchberg,
1835 1187 1897 1223 tibi
1934 1187 2126 1236 plurimum

415 1248 516 1281 favet.
559 1244 643 1280 Vale
665 1249 701 1280 et
721 1243 828 1279 salve.
869 1243 936 1278 Vll.
957 1243 1102 1278 Kalend.
1126 1242 1348 1278 Februarias.

493 1422 508 1452 τ»
1212 1419 1324 1468 XV.
2025 1421 2041 1451 2

797 1534 1050 1572 RVDOLPHVS
1080 1535 1298 1571 AGRICOLA
1330 1534 1502 1571 RHETVS
1532 1534 1733 1571 VADIANO.

409 1655 416 1661 .
440 1654 448 1661 .
472 1654 479 1661 .
515 1627 551 1661 Ρ.
574 1626 607 1662 S.
642 1626 689 1661 De
709 1625 924 1662 carminibus
945 1625 1091 1661 Hutteni
1121 1636 1193 1661 non
1223 1631 1278 1661 est
1309 1626 1403 1673 quod
1433 1631 1467 1661 te
1496 1637 1616 1672 angas.
1652 1625 1841 1662 Lectiones
1869 1631 1944 1661 tum
1972 1624 2166 1673 publicae2o

410 1690 482 1718 tum
504 1683 649 1730 privatae
671 1682 850 1722 fecerunt,
873 1688 911 1717 ut
932 1681 1079 1718 dilatum
1101 1683 1158 1718 sit.
1193 1681 1315 1718 Placet
1335 1682 1420 1718 milii
1442 1681 1632 1723 lluttenus,
1656 1682 1716 1730 qui
1738 1694 1756 1718 a
1777 1683 1867 1719 facie
1887 1682 2017 1731 Lipsiis
2038 1682 2142 1725 mihi¹
2165 1707 2167 1709 -

408 1745 516 1775 notus
537 1739 616 1775 suit.
656 1739 786 1786 Legam
807 1738 960 1788 publice.

406 1861 481 1893 XV.
500 1861 555 1892 Ex
573 1859 827 1902 cod.Sang·all.
845 1859 934 1891 mihi
953 1860 1238 1892 communicavit
1255 1859 1473 1892 Straussius.
1499 1860 1712 1892 Putaverim
1731 1859 1924 1902 epistolam
1943 1870 2023 1902 quae
2040 1859 2122 1893 loco

406 1917 536 1958 dieque
561 1927 633 1948 non
657 1917 838 1958 expressis
864 1919 981 1956 extat,
1007 1916 1183 1958 scriptam
1209 1926 1288 1947 esse
1312 1919 1503 1957 postquam
1523 1926 1541 1947 e
1566 1916 1748 1948 Cracovia
1764 1916 2017 1949 Vindobonam
2042 1917 2120 1949 sive

407 1974 483 2014 ipse
514 1976 670 2005 venerat
686 1972 859 2015 Agricola
883 1973 960 2005 sive
978 1972 1092 2004 libros
1116 1973 1169 2004 ibi
1186 1972 1377 2014 publicare
1409 1975 1583 2014 coeperat,
1605 1961 1698 2004 anno
1719 1972 1816 2005 1513.
1851 1973 1998 2015 Scripta
2015 1973 2121 2006 huius
2131 1980 2170 2009 κ.

404 2030 556 2061 iunioris
580 2030 659 2062 sive
676 2029 1023 2071 XVasserburg-ensis
1043 2028 1339 2071 (Hydroburgii),
1365 2039 1436 2060 non
1453 2029 1565 2060 Frisii
1591 2028 1775 2069 (senioris)
1800 2029 1866 2060 sed
1882 2029 2022 2070 Rhaeti,
2048 2029 2118 2062 Ru-

405 2085 526 2127 ‹lolphi
550 2086 734 2128 Agricolae
759 2086 926 2117 indicata
950 2088 1034 2116 sunt
1059 2095 1116 2127 ap.
1135 2085 1313 2128 Adelung.
1333 2086 1371 2116 in
1395 2085 1532 2117 contin.
1549 2085 1698 2117 socher.
1717 2085 1745 2117 Ι.
1764 2097 1798 2128 p.
1817 2084 1894 2118 335.
1915 2088 1953 2118 et
1975 2085 2120 2128 plenius
2191 2103 2197 2110 -·

996 2143 1033 2172 in
1050 2141 1261 2173 Ianocianis
1278 2142 1306 2173 I.
1326 2153 1361 2183 p.
1378 2141 1416 2172 6.
1428 2166 1435 2173 .
1447 2165 1455 2172 .
1469 2140 1520 2172 121.
2141 2134 2145 2138 ¹

426 2354 569 2375 mpsrffi.
991 2337 997 2343 ”
1193 2334 1333 2384 XVI.
1712 2355 1746 2376 n.
1764 2350 1809 2377 20.
1829 2355 1940 2378 MART.
1959 2355 1994 2378 A.
2013 2351 2091 2378 1514.
2132 2352 2136 2358 ·
2172 2289 2178 2371 l
2196 2295 2206 2350 l

944 2448 1141 2485 EOBANVS
1172 2450 1336 2486 HESSVS
1366 2449 1567 2485 VADIANO.
1660 2445 1663 2448 ¹
1713 2447 1719 2454 ’
2123 2449 2157 2478 ³⁰
2195 2418 2200 2429 ⁸

859 2540 877 2554 ⁶
1392 2539 1439 2575 Ex
1460 2540 1567 2588 Lypsi
1591 2545 1643 2580 13.
1666 2539 1742 2575 Kal.
1765 2540 1876 2588 April.
1901 2545 2000 2579 1514.

496 2594 564 2629 Dici
596 2605 666 2630 non
697 2600 819 2642 potest
842 2601 1014 2642 quantum
1043 2608 1100 2632 me
1120 2596 1351 2633 delectaverit
1382 2596 1477 2644 quod
1512 2601 1570 2632 tua
1608 2602 1643 2632 et
1674 2596 1891 2644 Aperbaeelii
1927 2597 2111 2644 diligentia

407 2649 548 2685 llutteni
580 2651 694 2686 nostri
726 2662 868 2687 carmen
897 2653 940 2688 ad
967 2653 1002 2688 D.
1033 2653 1305 2689 Maximilianum
1335 2654 1507 2689 Caesarem
1539 2654 1737 2689 emerserit.
1796 2659 1952 2701 utroque
1982 2652 2111 2701 pollice

533 2772 627 2803 XVI.
662 2773 791 2805 Mecum
808 2776 1051 2806 communicavit
1068 2775 1260 2807 Scraussius
1277 2786 1322 2807 esc
1338 2776 1412 2807 cod.
1431 2775 1646 2816 Smrqallensz‘
1660 2773 1760 2815 (tom.
1778 2774 1806 2806 I.
1825 2774 1874 2806 n0.
1893 2773 1976 2815 32).

489 2871 502 2890 ²
519 2872 726 2916 Arnoldum]
746 2875 788 2906 de
806 2876 1000 2917 'sangaris
1071 2876 1085 2896 ⁷
1101 2875 1215 2919 Torii]
1235 2877 1290 2910 sic
1307 2878 1352 2909 A.
1372 2878 1427 2909 Αη
1445 2877 1584 2913 Thurii,
1603 2881 1638 2908 ut
1654 2877 1845 2917 referamur
1861 2877 1908 2908 ad
1922 2877 2032 2909 Arist.
2047 2886 2108 2919 po-

402 2928 448 2956 lit.
460 2937 490 2957 v.
502 2927 557 2959 3.‘.>
575 2940 616 2960 an
635 2929 792 2972 θοῦροι,
812 2925 1027 2974 ὁρμητικοί,
1047 2933 1107 2974 qui
1126 2943 1205 2964 cum
1224 2933 1365 2965 assultu
1382 2934 1586 2975 impetunt?
1603 2934 1727 2965 Possis
1745 2933 1980 2964 occaecatorii
1997 2933 2114 2976 (quusi

404 2982 623 3024 ‘Blcndner').
645 2986 794 3025 sortasse
818 2991 889 3029 quis
912 2989 952 3020 de
973 2989 1168 3022 Germanico
1184 2990 1330 3021 Tlioren
1353 2992 1567 3032 cogitaverit,
1592 2994 1626 3021 ut
1649 2993 1681 3021 in
1706 2991 1857 3030 epistolis
1879 2989 1969 3020 obse.
1987 2991 2049 3020 vir.
2067 2991 2108 3021 (le

403 3037 511 3077 gilvis
536 3040 712 3080 crinibus,
738 3042 859 3074 blavio
878 3044 970 3076 coelo
988 3050 1019 3076 et
1036 3047 1193 3077 similibus
1209 3048 1364 3088 leyimuae
1386 3048 1448 3078 sed
1463 3057 1583 3078 vereor
1598 3050 1634 3077 ut
1654 3046 1772 3078 Crotus
1789 3047 1837 3077 ita
1852 3046 1886 3076 in
1903 3047 2048 3086 epistola
2064 3047 2111 3077 ad

404 3093 610 3126 liene-lilium
627 3097 855 3133 dissimularit,
882 3104 912 3129 et
938 3103 1071 3141 [εφη-[ηε
1089 3102 1279 3144 Theologi.
1351 3101 1378 3122 ¹⁴
1398 3105 1609 3134 contemnes
1618 3103 1663 3134 A.

2166 3226 2172 3306 -Μ,
2167 2751 2175 3208 u—mffim

2191 3046 2193 3054 Α
2194 2978 2197 2983 ,
2192 2948 2195 2957 v
2193 2895 2197 2898 .
2192 2855 2194 2857 ν
2195 2695 2200 2716 ,.
2194 2641 2201 2652 η

2165 3318 2196 3568 rr--flm
