2078 3469
114 255 270 290 CLXVI.
303 264 444 286 usrnn
462 265 509 286 AD
528 264 633 287 BEAT.
653 264 763 287 anax.
782 265 838 287 BP.
889 254 1064 287 CLXVII.
1098 266 1206 288 anr.
1225 265 1374 287 Lim-:rus
1393 265 1432 287 m
1451 265 1561 287 anmi.
1581 266 1636 287 Er.
1723 245 1817 292 349

114 378 246 406 meros3
273 368 342 398 iste.
369 369 423 397 est
451 367 509 407 qui
536 367 674 398 excitat
699 376 873 398 summum
897 366 1108 408 pontificem
1132 371 1171 398 ut
1195 367 1344 410 vigilet,
1379 369 1449 399 iste
1483 369 1543 409 qui
1573 368 1663 399 nihil
1698 369 1816 408 docet,

113 425 183 455 nisi
201 422 293 464 quod
311 422 456 459 didicit;
482 423 552 453 iste
573 426 627 453 est
646 423 706 463 qui
723 422 815 453 nihil
834 422 983 463 evulgat
1006 424 1080 454 nisi
1098 423 1190 464 quod
1206 424 1307 464 prius
1325 424 1443 455 milies
1461 423 1646 464 olfecerit,
1674 425 1745 456 iste
1765 429 1821 456 est

116 480 175 520 qui
200 477 364 509 omnibus
388 477 585 509 virtutibus
613 481 648 509 et
683 477 944 508 transformato
980 479 1018 509 in
1053 478 1158 510 deum
1190 480 1322 520 spiritu
1354 479 1500 510 accedit
1532 480 1576 510 ad
1608 481 1820 511 tractandas

114 543 238 566 sacras
262 533 407 571 literas,
434 533 505 564 iste
534 537 589 564 est
615 533 676 573 qui
701 542 739 563 se
766 533 857 564 dicit
880 533 977 564 velle
1003 534 1129 575 lugere
1162 534 1313 565 fratrem
1345 535 1605 573 insanientem,
1644 537 1715 567 nisi
1746 540 1821 567 tam

85 590 251 622 5insanis
277 588 576 619 annotationibus
602 588 876 632 obtemperarit.
925 590 1094 620 Demiror
1117 590 1307 621 Erasmum
1331 591 1363 621 si
1386 590 1471 621 hnic
1488 595 1655 632 portento
1674 602 1819 633 respon-

114 646 216 677 deat:
242 654 325 675 nam
349 643 387 674 id
412 644 514 674 aiunt
538 643 639 674 illum
664 643 807 674 facere:
842 655 909 685 ego
941 655 1012 675 non
1038 645 1210 687 dignarer
1234 645 1397 677 rabulam
1422 645 1490 677 hoc
1515 646 1661 678 honore.
1709 647 1822 678 Liber

114 702 182 733 huc
207 700 341 731 allatus
364 699 501 730 nemini
526 709 597 729 non
622 698 828 740 displicuit,
864 701 1027 742 exceptis
1059 700 1132 732 illis
1165 701 1293 742 quibus
1326 701 1419 731 nihil
1451 701 1550 733 aliud
1580 703 1721 744 placet,
1760 703 1821 734 vix

116 757 225 788 etiam
250 755 390 785 duabus
414 754 523 785 lectis
548 754 705 795 paginis.
755 756 872 786 Deum
898 756 1151 793 immortalem,
1181 767 1259 798 quae
1284 759 1450 797 vanitas,
1479 769 1557 799 quae
1583 759 1819 800 impudentia,

115 821 192 853 quae
222 810 438 847 virulentia,
475 819 555 851 quae
589 810 750 848 teehnae,
787 811 846 851 qui
879 811 972 842 fuci!
1013 811 1108 842 Illud
1139 812 1341 854 indignius,
1382 814 1475 854 quod
1508 814 1678 855 quicquid
1711 814 1823 845 habet

72 874 104 901 10
115 866 276 905 furcifer,
303 869 490 896 mutuatur
516 875 534 896 e
560 865 663 896 libris
688 866 851 896 Erasini:
880 866 925 897 ab
951 866 1014 897 illo
1040 867 1164 908 spinas
1190 869 1305 899 assuit
1331 868 1401 898 sibi
1427 869 1556 909 quibus
1581 870 1618 900 in
1644 870 1743 900 illum
1769 870 1822 900 in-

113 923 252 965 pingat.
296 926 332 953 et
355 921 461 952 homo
486 922 568 962 ipsa
592 921 858 962 ingratitudine
885 921 1063 963 ingratior
1086 923 1277 953 Erasmum
1301 928 1411 954 vocat
1435 925 1640 955 mortalium
1667 927 1824 956 omnium

114 979 411 1021 ingratissimum.
461 977 557 1016 Quid
583 979 655 1016 est,
690 977 721 1007 si
746 977 825 1008 haec
850 977 996 1008 insania
1022 988 1093 1008 non
1120 978 1198 1008 est?
1232 982 1286 1009 est
1313 979 1491 1019 quoddam
1516 980 1668 1011 insanire
1695 991 1821 1022 genus,

116 1045 182 1076 quo
207 1023 278 1065 sibi
305 1033 452 1075 quidam
477 1043 586 1074 supra
610 1032 753 1063 modum
778 1032 994 1073 displicent:
1023 1036 1059 1063 et
1086 1033 1194 1064 audio
1219 1034 1378 1065 Lovanii
1403 1035 1612 1076 theologum
1646 1036 1825 1076 quendam

114 1091 181 1121 hoc
206 1089 300 1120 malo
325 1089 512 1120 laborare:
552 1091 590 1119 at
616 1088 713 1119 Lens
738 1099 810 1119 non
835 1089 953 1120 minus
987 1089 1141 1126 insanit,
1182 1090 1243 1129 qui
1274 1090 1346 1120 sibi
1377 1100 1485 1131 supra
1517 1091 1658 1122 modum
1690 1091 1823 1132 placet.

74 1145 286 1179 ¹5Nullosne
313 1145 427 1176 fuisse
454 1145 580 1175 doctos
607 1154 649 1175 ac
681 1144 878 1185 prudentes
910 1145 1046 1176 amicos
1080 1145 1139 1185 qui
1176 1145 1357 1176 hominem
1389 1146 1459 1176 ista
1492 1146 1700 1177 molientem
1733 1157 1827 1178 com·

114 1205 306 1244 pescerent
330 1201 389 1232 vel
416 1200 576 1231 elleboro
603 1200 687 1230 dato
713 1200 772 1231 vel
799 1201 948 1231 iniectis
974 1200 1158 1231 vinculis?
1190 1200 1261 1232 Sed
1286 1201 1456 1233 stultulus
1483 1203 1528 1232 ad
1560 1202 1714 1232 mendax
1746 1212 1825 1243 spe-

115 1257 233 1290 culum
257 1258 406 1298 scripsit
431 1257 576 1297 opinor:
609 1256 685 1286 illic
719 1256 765 1286 ad
798 1256 943 1297 singula
975 1257 1138 1287 suaviter
1163 1257 1287 1288 arrisit
1319 1261 1353 1288 et
1378 1257 1450 1288 sibi
1477 1259 1687 1289 existimans
1715 1258 1826 1288 talem

115 1315 191 1347 fore
215 1313 356 1345 vultum
380 1310 558 1344 lectorum
583 1312 757 1350 omnium,
787 1311 930 1352 qualem
955 1311 1106 1342 videbat
1132 1313 1169 1342 in
1193 1312 1353 1353 speculo.
1405 1313 1475 1352 Qui
1500 1319 1575 1344 tam
1601 1314 1826 1345 amarulente

116 1379 223 1402 ausus
249 1373 304 1400 est
330 1370 507 1410 impetere
533 1368 651 1399 virum
678 1368 735 1398 cui
760 1367 953 1408 plurimum
978 1367 1137 1398 debeant
1164 1372 1200 1399 et
1224 1369 1444 1409 bonae quas
1474 1374 1608 1400 vocant
1643 1375 1677 1401 et
1711 1380 1826 1401 sacrae

73 1426 251 1464 2⁰literae‚
291 1435 373 1456 mea
406 1424 591 1455 sententia
623 1423 754 1465 dignus
787 1428 841 1454 cst
867 1424 904 1454 in
930 1433 1032 1464 quem
1060 1424 1270 1464 conspirent
1294 1435 1417 1456 omnes
1451 1426 1580 1466 quibus
1613 1427 1713 1457 cordi
1745 1431 1827 1457 sunt

116 1483 251 1524 optima
276 1481 417 1520 studia,
446 1490 550 1521 quem
577 1479 673 1510 stilis
699 1479 773 1510 suis
801 1479 1013 1510 confodiant
1038 1483 1076 1509 ut
1108 1480 1291 1511 rabiosam
1317 1480 1528 1514 bestiolam,
1565 1482 1610 1512 ad
1644 1484 1745 1513 cuius
1771 1493 1825 1513 se-

115 1537 304 1580 pulchrum
327 1537 478 1568 veniant
510 1536 660 1566 mictum
692 1539 801 1575 atque
836 1539 1005 1566 cacatum
1039 1545 1162 1566 omnes
1194 1536 1356 1567 melioris
1387 1535 1588 1569 literaturae
1627 1538 1825 1569 candidati.

114 1595 193 1636 Ego
219 1596 317 1624 certe
345 1592 492 1623 adnitar
516 1602 580 1632 pro
605 1590 762 1629 viribus,
791 1594 829 1621 ut
854 1592 892 1621 ni
916 1594 1056 1621 mature
1083 1592 1279 1632 resipiscat
1311 1593 1427 1631 Leus,
1464 1603 1595 1624 nomen
1627 1593 1726 1624 illius
1753 1598 1826 1624 tam

116 1650 271 1682 invisum
303 1649 452 1680 reddam
484 1647 641 1689 posteris
667 1657 773 1687 quam
806 1647 875 1677 fuit
907 1657 1065 1688 unquam
1090 1647 1232 1678 Vatinii
1264 1652 1326 1678 aut
1349 1648 1568 1680 Phalaridis.
1623 1650 1701 1680 Iam
1732 1660 1825 1681 nunc

73 1713 105 1737 25
118 1706 221 1748 pueri
245 1706 318 1736 mei
342 1705 508 1735 versibus
535 1703 673 1744 aliquot
699 1703 864 1734 luserunt
889 1704 926 1733 in
953 1713 1040 1744 opus
1073 1703 1353 1734 insulsissimum
1378 1705 1446 1735 Lei
1458 1729 1824 1737 ...................

117 1786 264 1793 ........
290 1761 363 1792 Vos
388 1761 420 1792 si
444 1771 529 1791 vere
557 1759 730 1790 Germani
757 1760 862 1797 estis,
890 1769 962 1790 non
988 1759 1118 1789 sinetis
1142 1759 1298 1791 hominis
1323 1760 1568 1801 petulantiam
1594 1762 1824 1802 impunitam,

117 1817 287 1859 quicquid
311 1817 354 1848 de
380 1816 444 1847 illo
469 1816 642 1847 statuerit
665 1816 854 1853 lii-asinus,
885 1815 943 1846 cui
968 1825 1065 1856 saepe
1090 1816 1216 1846 nocuit
1241 1826 1307 1847 sua
1331 1816 1477 1848 levitas.

140 2175 352 2199 MOGVNTIAE.
851 2151 1104 2200 CLXVH·
1567 2171 1611 2196 27.
1632 2175 1709 2196 MAI.
1729 2171 1806 2195 1520.

634 2276 978 2315 HVLDERICHVS
1018 2277 1082 2315 DE
1114 2277 1313 2315 HVTTEN

76 2365 109 2391 :30
587 2346 753 2382 LIBERIS
810 2347 852 2381 IN
902 2346 1125 2382 GERMANIA
1175 2346 1361 2397 OMNIBVS

868 2413 1076 2439 SALVTEM.

230 2490 366 2529 Adhuc
395 2489 489 2528 nihil
521 2494 712 2528 cessatum
743 2489 854 2527 nobis
886 2494 942 2527 est
972 2489 1019 2526 ab
1053 2500 1096 2526 eo
1129 2488 1207 2531 die,
1240 2500 1316 2538 quo
1347 2487 1465 2526 semel
1497 2480 1744 2527 constrictam
1767 2489 1831 2526 diu
1850 2496 1920 2530 §,1.

119 2557 192 2596 iam
224 2562 261 2596 et
290 2569 389 2607 pene
419 2557 645 2595 suffocatam
675 2557 839 2593 nationis
877 2555 991 2593 huius
1028 2554 1246 2593 libertatem
1284 2560 1467 2605 quantun]
1508 2556 1545 2593 in
1577 2555 1687 2593 nohis
1719 2561 1831 2600 esset,

121 2624 269 2664 solvere
301 2628 336 2662 et
366 2628 587 2661 restaurare
618 2623 791 2672 adgressi
823 2634 975 2663 sumus,
1015 2622 1107 2659 dum
1147 2621 1203 2659 vel
1241 2622 1448 2672 quaerimus
1486 2627 1522 2660 et
1560 2623 1833 2672 investigamus

78 2705 110 2731 35
123 2691 212 2742 quid
242 2691 387 2741 ubique
418 2690 639 2728 abstrusum
670 2689 859 2727 habeatur
890 2689 1143 2738 antiquitatis,
1177 2688 1279 2738 quod
1310 2689 1400 2727 huic
1430 2694 1563 2727 nostro
1586 2690 1833 2727 commodare

123 2759 241 2807 possit
269 2759 462 2802 instituto,
502 2756 560 2796 vel
591 2756 796 2795 scribimus
826 2757 898 2806 ipsi
929 2760 965 2794 et
995 2756 1034 2792 in
1064 2755 1190 2793 lucem
1223 2756 1372 2794 edimus
1411 2768 1495 2806 quae
1533 2768 1643 2794 mens
1682 2757 1834 2795 conscia

123 2825 201 2863 veri
231 2824 380 2864 occulta
411 2825 553 2863 diutius
584 2836 667 2862 esse
698 2835 775 2861 non
806 2824 979 2861 sustinet.
1039 2823 1124 2868 Quo
1155 2823 1282 2861 studio
1322 2835 1409 2861 cum
1448 2823 1618 2862 secundo
1657 2824 1832 2873 proxime
1847 2830 1905 2862 Μ.

125 2947 302 2979 CLXVII.
354 2948 385 2978 A
401 2959 446 2974 z
462 2947 577 2978 Indic.
596 2945 767 2987 bibliogr.
786 2956 821 2977 n.
840 2935 972 2977 XXI'X.
994 2945 1024 2977 1.
1129 2946 1149 2976 2
1170 2958 1217 2972 z
1238 2946 1397 2976 Burckh.
1428 2946 1475 2977 II.
1505 2957 1538 2987 p.
1559 2945 1699 2977 54...58.
1730 2946 1833 2985 (ibid.

124 3012 160 3034 n.
177 3003 227 3044 2.)
296 3002 318 3035 3
332 3015 378 3031 =
392 3002 621 3044 WVagenseil.
640 3012 674 3033 n.
694 3013 794 3034 XLVI.
814 3008 848 3043 p.
867 3000 1052 3033 243...246.
1081 3002 1183 3041 (ibid.
1202 3013 1237 3033 n.
1256 3002 1304 3041 4.)
1381 3002 1403 3032 4
1417 3014 1464 3029 Ξ
1478 3003 1582 3033 Hutt.
1602 3002 1747 3033 Miinch.
1765 3002 1834 3034 ΙΠ.

743 3069 776 3099 p.
796 3056 978 3089 561...564.
999 3057 1100 3098 (ibid.
1119 3068 1152 3088 n.
1171 3058 1219 3098 5.)
