2078 3469
280 248 421 283 CXXX.
448 257 585 281 ERASMI
604 257 685 281 Bor.
704 257 752 281 AD
771 257 878 280 HVTT.
899 257 944 280 m:
964 256 1088 280 THOMA
1107 256 1205 279 nono
1225 256 1280 279 ΒΡ.
1306 256 1340 278 D.
1359 249 1404 276 23.
1423 255 1498 278 IVL.
1519 248 1595 275 1519.
1697 234 1793 283 283

87 365 264 418 protinus
289 366 360 400 aut
386 362 562 400 medetur
592 365 662 399 aut
689 362 893 409 componit.
951 372 1074 409 neque
1109 371 1329 409 quenquam
1365 370 1537 408 unquam
1576 361 1721 400 dimisit
1757 366 1799 400 ut

90 432 283 473 inimicum
313 433 383 466 aut
409 433 453 466 ut
485 429 676 466 inimicus.
736 430 828 476 quin
859 428 975 466 huius
1005 430 1140 467 domus
1169 428 1312 475 fatalis
1340 429 1521 476 quiedam
1548 431 1700 468 videtur
1725 430 1797 477 fe—

90 501 233 545 licitaS,
272 499 312 534 in
345 505 424 544 qua
460 506 570 532 nemo
607 497 703 532 risit
739 497 808 542 qui
839 505 912 532 non
944 500 1155 543 provectus
1190 497 1240 532 sit
1268 495 1324 532 ad
1351 497 1547 533 meliorem
1581 496 1797 544 fortunam,

91 567 217 610 nullus
256 573 429 610 unquam
467 564 588 600 ullam
621 561 748 608 famce
786 562 911 599 labem
946 564 1156 600 contraxit.
1222 564 1314 610 quin
1354 564 1419 600 vix
1468 565 1566 601 ullos
1605 567 1796 613 reperias,

66 632 223 682 5quibus
257 632 314 668 sic
350 631 573 668 convenerit
601 639 689 665 cum
727 634 872 674 matre,
912 634 953 666 ut
984 629 1076 667 huic
1103 640 1190 667 cum
1223 641 1409 676 noverca,
1444 641 1535 668 uam
1567 637 1687 679 pater
1719 634 1797 670 iam

90 701 252 738 alteram
277 696 511 742 induxerat,
540 700 746 743 utramque
775 707 850 733 non
880 698 1008 734 minus
1038 698 1242 735 adamarit
1269 708 1318 735 ac
1343 701 1505 734 matrem
1515 712 1530 741 ,·
1574 710 1701 746 nuper
1730 701 1797 737 in—

91 767 205 806 duxit
229 766 400 809 tertium,
433 763 511 800 lzac
534 762 674 800 Morus
705 768 838 800 sancte
869 764 1021 801 deierat
1053 776 1093 802 se
1132 765 1231 802 nihil
1262 775 1434 812 unquam
1472 766 1613 803 vidisse
1648 768 1796 804 melius.

90 833 211 872 Porro
244 841 342 877 erqa
372 835 561 878 parentes
598 840 647 867 ac
681 830 821 867 liberos
858 840 1086 878 sororesque
1123 833 1179 869 sic
1211 831 1379 878 affectus
1415 836 1487 877 est,
1526 837 1569 870 ut
1595 845 1666 871 nec
1697 840 1799 872 amet
1814 844 1888 877 §.31.

91 899 240 938 moleste
265 908 338 935 nec
364 908 529 945 usquam
568 897 669 934 desit
696 897 830 944 officio
855 899 1023 944 pietatis.
1066 898 1228 935 Animus
1256 905 1311 935 est
1335 910 1360 935 a
1386 900 1545 936 sordido
1564 902 1675 937 lucro
1695 903 1798 939 alie-

52 971 84 998 10
94 967 280 1006 nissimus.
337 964 489 1003 Liberis
518 966 598 1001 suis
633 965 789 1001 semovit
825 975 846 1001 e
878 963 1138 1010 facultatibus
1177 966 1282 1012 quod
1315 967 1394 1002 illis
1427 967 1521 1003 satis
1556 978 1638 1004 esse
1661 972 1892 1014 putat;§.32.

93 1033 194 1083 quod
219 1036 395 1079 superest
403 1062 411 1078 ,
439 1033 608 1078 larqiter
636 1030 817 1077 effundit.
866 1030 960 1068 Cum
987 1032 1305 1069 advocationibus
1335 1032 1467 1069 adliuc
1495 1034 1677 1079 aleretur,
1704 1037 1806 1072 nulli

92 1109 166 1138 non
194 1098 301 1136 dedit
327 1099 495 1136 amicum
522 1109 730 1145 rerumque
752 1098 975 1143 consilium,
1005 1100 1132 1146 maqis
1153 1100 1308 1136 illorum
1330 1099 1538 1136 commodis
1557 1090 1803 1148 prospiciens

93 1176 205 1215 quam
223 1167 322 1210 suis,
343 1167 548 1214 plerisque
579 1167 711 1203 solitus
736 1165 1002 1212 persuadere,
1034 1167 1092 1203 uti
1107 1167 1211 1203 litem
1234 1171 1524 1213 componerent,
1554 1168 1681 1205 minus
1700 1170 1801 1206 enim

92 1234 154 1272 hic
180 1232 273 1279 fore
302 1233 523 1280 dispendii:
567 1233 611 1270 id
637 1234 672 1270 si
698 1233 825 1269 minus
859 1233 1110 1280 impetrabat,
1150 1238 1228 1270 tum
1266 1234 1456 1270 rationem
1492 1234 1695 1272 indicabat
1724 1247 1803 1283 qua

53 1306 242 1350 1⁵possent
277 1310 395 1347 quam
432 1301 588 1338 minimo
626 1300 833 1347 dispendio
862 1301 1040 1347 litiyare,
1082 1300 1242 1347 quando
1276 1300 1506 1347 quibusdam
1545 1301 1611 1338 liic
1648 1303 1803 1340 animus
1850 1319 1853 1321 ·

92 1371 163 1414 est,
197 1372 239 1405 ut
274 1367 403 1404 litibus
436 1369 550 1404 etiam
583 1367 832 1404 delectentur.
891 1367 939 1404 In
970 1367 1065 1403 urbe
1092 1367 1372 1413 Londoniensi,
1414 1369 1451 1404 in
1483 1379 1561 1415 qua
1591 1375 1706 1406 natus
1733 1375 1799 1416 est,
1816 1383 1893 1416 §.2321

93 1445 213 1474 annos
235 1435 383 1482 aliquot
411 1434 576 1471 iudicem
604 1435 682 1480 equ
710 1435 748 1471 in
780 1435 910 1471 causis
936 1434 1133 1477 cii-ilibus·
1169 1435 1213 1471 id
1231 1445 1371 1472 munus
1397 1440 1439 1472 ut
1465 1437 1664 1473 minimum
1689 1437 1805 1474 liabet

92 1502 235 1547 oneris,
266 1497 376 1552 (nam
406 1511 480 1538 non
513 1501 670 1538 sedetur
701 1503 779 1538 nisi
807 1501 870 1538 die
898 1501 1003 1539 Iovis
1030 1512 1151 1549 usque
1178 1502 1235 1538 ad
1258 1498 1495 1553 prandium)
1532 1504 1586 1540 ila
1623 1505 1804 1551 cumpri—

93 1570 162 1606 mis
189 1568 443 1614 honorificum
472 1568 648 1605 liabetur.
702 1578 811 1605 nemo
838 1570 974 1616 plures
1004 1579 1148 1606 causas
1178 1569 1356 1615 absolvit,
1387 1580 1497 1607 nemo
1525 1581 1566 1607 se
1592 1573 1712 1617 yessit
1737 1573 1803 1608 in—

53 1642 86 1670 20
96 1636 257 1683 teyrius,
287 1637 451 1673 remissa
476 1637 677 1683 plerisque
701 1637 872 1683 pecunia
902 1646 1018 1682 quam
1050 1647 1102 1673 ea:
1123 1639 1364 1684 prcescripto
1385 1637 1521 1674 dehent
1540 1639 1608 1684 qui
1629 1640 1804 1685 litiqant:

92 1702 278 1750 siquidem
313 1707 404 1739 ante
442 1704 518 1740 litis
553 1704 865 1740 contestationem
905 1708 1014 1740 actor
1051 1704 1210 1751 deponit
1253 1716 1325 1741 sea:
1363 1704 1593 1751 drachmas,
1649 1707 1803 1743 totidem

91 1770 199 1816 reus,
240 1780 312 1806 nec
337 1771 506 1816 amplius
536 1771 743 1817 quicquam
769 1769 840 1815 fas
870 1775 927 1807 est
954 1772 1128 1817 eriqere.
1189 1771 1262 1808 His
1291 1772 1462 1809 moribus
1488 1771 1634 1818 effecit,
1676 1771 1896 1810 uici-§3⁴-

93 1837 201 1874 vitati
235 1847 317 1874 suce
352 1838 464 1883 lonqe
500 1837 754 1874 charissimus
791 1841 900 1874 esset.
968 1836 1206 1889 Decreverat
1239 1844 1365 1876 autem
1405 1839 1482 1876 liae
1514 1839 1682 1885 fortuna
1725 1851 1807 1877 esse

93 1906 307 1949 contentus,
347 1913 436 1950 quce
469 1909 506 1941 et
540 1905 635 1941 satis
671 1904 831 1941 liaberet
859 1905 1079 1941 autoritatis
1117 1916 1189 1942 nec
1223 1910 1349 1942 tamen
1386 1910 1485 1943 esset
1511 1907 1700 1953 qrcwibus
1734 1907 1806 1944 ob-

52 1972 215 2007 25noxia
237 1971 443 2018 periculis.
502 1970 628 2008 Semel
664 1976 778 2018 atque
815 1972 954 2008 iterum
990 1977 1176 2009 extrusus
1208 1978 1264 2009 est
1303 1974 1343 2009 in
1373 1975 1624 2020 leqationem‚
1649 1975 1698 2010 ‚in
1728 1984 1807 2020 qua

94 2047 179 2074 cum
208 2048 255 2076 ,se
288 2038 557 2075 cordatissime
591 2040 789 2085 (sessisset,
831 2048 905 2075 non
942 2041 1158 2086 conquievi]
1193 2041 1461 2077 serenissimus
1492 2052 1568 2077 rea:
1596 2040 1806 2088 Henricus,

93 2105 174 2142 eius
210 2106 376 2142 nominis
413 2110 586 2151 octca’us,
628 2106 750 2143 donec
787 2105 977 2142 hominem
1014 2107 1052 2142 in
1095 2108 1227 2143 aldam
1269 2118 1381 2144 suam
1417 2108 1687 2155 pertraheret:
1707 2135 1711 2137 Δ
1734 2118 1807 2144 cur

94 2172 193 2208 enim
222 2181 297 2209 non
327 2172 458 2210 dicam
490 2160 784 2220 ‘perti-alteret?
828 2174 959 2210 nullus
988 2184 1160 2220 unquam
1190 2174 1448 2212 vehementius
1486 2175 1621 2212 anibie't
1655 2176 1695 2211 in
1726 2186 1806 2211 azi—
1821 2174 1898 2207 §35-

95 2239 171 2275 lam
200 2239 372 2288 admitti,
411 2249 528 2286 quam
560 2239 624 2277 liic
652 2240 800 2277 studuit
827 2238 1027 2285 effugiere:
1072 2251 1203 2277 rerum
1235 2252 1320 2278 cum
1352 2244 1625 2291 essetloptimo
1654 2243 1741 2288 regii
1769 2243 1808 2278 in

54 2307 224 2343 monimo
248 2306 448 2352 familiam
479 2317 591 2343 suam
621 2306 806 2351 eruditis,
834 2307 1041 2353 maribus,
1077 2308 1252 2345 cordatis
1281 2313 1320 2345 et
1348 2310 1509 2355 inteqris
1539 2310 1631 2345 riris
1662 2307 1808 2354 differ-

95 2375 171 2410 tam
197 2374 387 2419 reddere,
422 2384 509 2410 cum
541 2376 639 2412 alios
664 2376 878 2422 permultos
908 2379 986 2411 tum
1004 2374 1160 2412 Horum
1190 2377 1228 2412 in
1251 2377 1392 2423 primis
1423 2377 1579 2419 accirit,
1611 2385 1721 2422 quem
1753 2375 1809 2412 sic

95 2439 134 2476 in
161 2441 305 2477 intimis
334 2440 450 2477 habet
478 2446 517 2477 ut
546 2452 571 2478 a
601 2452 642 2478 se
671 2452 873 2488 nunquam.
897 2442 1080 2488 patiatur
1111 2442 1314 2479 discedere
1323 2456 1337 2486 ,·
1376 2444 1455 2480 sire
1481 2444 1595 2480 seriis
1624 2442 1807 2479 utendum

95 2511 166 2553 est,
200 2508 299 2545 nihil
325 2509 392 2545 illo
421 2509 652 2553 consultius,
692 2510 770 2546 sive
805 2510 925 2545 risum
962 2512 1019 2545 est
1052 2510 1141 2555 ''etfl'
1171 2508 1324 2555 faliulis
1353 2509 1631 2547 amoem'orilms
1661 2510 1807 2546 laxare

96 2576 285 2621 animum,
324 2577 430 2612 nullo
468 2585 594 2612 comes
627 2574 818 2621 festivior.
877 2585 982 2621 scepe
1011 2586 1074 2611 res
1101 2576 1243 2612 arduce
1267 2576 1435 2613 iudicem
1460 2587 1622 2623 qrarem
1650 2580 1687 2613 et
1711 2586 1806 2613 cor-
1821 2577 1898 2609 §.36-

55 2641 229 2680 sedatum
253 2643 476 2690 postulant:
518 2642 591 2679 has
630 2643 686 2679 sic
723 2641 862 2678 Morus
899 2641 1074 2687 discutit,
1117 2647 1158 2679 ut
1195 2648 1360 2690 utraque
1389 2654 1492 2691 pars
1528 2644 1671 2681 habeat
1703 2654 1810 2690 qra-

74 2709 211 2752 ⁴tiam,·
253 2720 325 2747 nee
355 2714 482 2747 tamen
513 2709 562 2745 ab
590 2720 634 2746 eo
663 2710 867 2755 quisquam
903 2709 1143 2755 impetrarit,
1182 2714 1224 2746 ut
1250 2720 1391 2747 munus
1420 2722 1445 2747 a
1476 2721 1669 2758 quoquam
1697 2711 1809 2748 acci-

89 2779 226 2821 peret.-
265 2776 406 2822 felices
434 2787 497 2813 res
519 2776 720 2824 publicas,
759 2776 795 2812 si
822 2774 931 2812 Mori
956 2776 1100 2813 similes
1129 2778 1383 2823 mctqistratus
1418 2778 1558 2825 ubique
1587 2779 1811 2825 prceficeret

93 2843 291 2891 princeps.
339 2855 410 2881 nec.
441 2845 592 2880 interim
626 2843 743 2879 ullum
775 2842 938 2879 accessit
964 2830 1238 2890 supercilium:
1269 2845 1370 2881 inter
1399 2849 1529 2881 tantas
1559 2847 1806 2892 neqociorum
1821 2846 1899 2878 §.3⁷-

98 2910 212 2946 moles
251 2915 287 2947 et
324 2916 490 2948 veterum
527 2911 785 2947 ciiiiiczdorum
822 2909 1011 2956 meminit,
1052 2915 1089 2947 et
1126 2911 1182 2947 ad
1215 2911 1351 2949 literas
1393 2912 1603 2949 adamatus
1647 2912 1810 2949 subinde

183 3051 197 3072 ²
220 3054 319 3086 inim.
341 3058 404 3086 aut
421 3057 460 3085 ut
477 3057 568 3086 omis.
590 3057 620 3086 7.
635 3056 665 3086 8.
721 3051 735 3072 3
762 3062 830 3094 quo
850 3055 880 3083 7.
894 3054 924 3084 8.
981 3053 1169 3095 profectus
1189 3057 1220 3087 1.
1235 3059 1264 3087 7.
1282 3058 1311 3087 8.
1376 3055 1390 3074 4
1415 3056 1512 3087 fame
1530 3058 1671 3088 ridiculo
1689 3066 1808 3088 errore

98 3109 130 3139 ⁴7.
143 3109 173 3140 8.
219 3108 233 3129 ⁹
249 3120 406 3154 unquam
424 3111 454 3143 4.
466 3122 539 3154 sqq.
590 3110 618 3131 ¹⁰
636 3109 668 3153 e]
689 3115 725 3142 et
742 3113 771 3141 7.
787 3110 818 3140 8.
868 3108 895 3128 ¹⁶
912 3109 1152 3145 Londiuiensi
1163 3113 1258 3146 6...8.
1307 3112 1331 3132 ²¹
1353 3123 1417 3144 sex
1429 3114 1460 3144 1.
1489 3113 1575 3145 treis
1592 3124 1620 3145 s.
1637 3116 1712 3144 tres
1729 3116 1806 3144 cett.
