2232 3568
416 246 476 290 18
701 249 798 281 VIII.
833 257 942 279 enom
962 253 1116 276 nvam
1134 252 1182 274 AD
1200 251 1400 274 uvw'rmzvm
1418 251 1475 272 ΕΡ.
1509 251 1543 271 D.
1563 246 1589 272 3.
1608 250 1715 272 FEBR.
1736 246 1813 272 1511.

413 377 499 405 cum
520 359 802 411 niqricantibus
821 354 1093 394 consodalibus
1112 353 1325 398 honorifice
1346 352 1395 390 de
1413 357 1448 390 te
1462 363 1547 390 sum
1566 354 1746 401 loquutus
1754 367 1768 398 ,·
1786 353 2019 401 frequenter
2038 353 2118 390 ad-

416 433 501 470 didi
517 429 719 471 37777777177777,
733 424 967 471 frequenter
977 431 1128 469 preces.
1158 419 1308 458 Incidit
1323 419 1537 467 aliquando
1552 430 1689 468 sermo,
1705 425 1748 458 ut
1767 426 1904 460 vestem
1921 422 2016 459 velle
2030 431 2120 458 mu—
2226 439 2232 461 v1

340 504 398 535 Μ.
413 505 512 536 777336
541 493 772 533 credidisses
793 494 864 527 aut
883 489 1088 526 incussisse
1108 488 1235 525 minas
1246 488 1358 524 ‘male
1381 487 1642 526 audientibus.
1681 487 1836 537 Scripsi
1854 488 1992 526 eadem
2014 487 2070 525 ad
2087 492 2121 526 te

411 565 509 602 binis
528 543 802 599 verbosissimis
821 557 963 602 literis,
990 557 1064 592 77770
1084 555 1394 592 commentariis:
1425 566 1526 592 unas
1552 556 1726 593 commisi
1741 557 1858 604 patri
1877 565 1980 602 7777770
2000 566 2122 603 supe-

409 633 526 678 riore,
557 637 644 665 cum
664 626 902 663 nesciremus
916 623 1060 671 plane,
1083 622 1221 670 quibus
1241 623 1320 659 oris
1341 625 1541 659 terrarum
1562 623 1778 669 iactarere,
1800 624 1878 660 nisi
1896 623 2003 670 quod
2021 632 2120 670 quo-
2135 633 2150 660 5
2227 648 2232 665 .

410 699 502 734 7177777
518 704 675 732 rumore
695 685 946 729 monebantur
966 694 1001 727 te
1017 689 1144 727 vivere
1163 689 1204 726 777
1226 688 1321 726 urbe
1331 688 1535 727 Brunonis
1554 691 1761 738 spoliatum
1771 704 1785 734 ,·
1807 692 1954 728 alteras
1974 689 2127 727 tradidi
2204 710 2212 725 s
2229 679 2232 691 ¹

410 773 537 811 nuper
557 770 686 799 mense
707 758 905 796 decembri
922 757 1070 795 Ioanni
1088 756 1242 804 Aquilio
1263 756 1331 804 (ita
1352 767 1443 794 voco
1457 756 1680 805 prosuqum
1701 758 1985 796 adolescentem
2005 769 2026 795 6
2046 756 2123 803 sa-
2186 694 2232 872 ¹⁵¹

409 831 516 867 77777777
555 827 835 874 Weiqerorum)
848 839 860 863 :
898 826 996 863 scivi
1026 825 1159 863 eodem
1187 829 1358 873 tempore
1385 825 1455 862 sub
1491 836 1565 873 quo
1601 820 1697 863 67670
1731 836 1954 872 versarere,
1992 825 2125 862 doctus

404 898 534 946 primo
554 906 579 932 a
599 894 786 943 Madora,
809 893 1053 931 adolescente
1073 902 1160 930 cum
1181 892 1277 930 bello
1298 897 1376 929 tum
1402 892 1496 930 bene
1516 893 1698 940 instituto,
1725 893 1867 931 deinde
1890 894 2050 931 lectione
2071 893 2129 929 tui
2222 875 2232 995 1

408 965 534 1003 Lossii
552 964 652 1000 dono
673 960 769 998 7777177
786 961 897 998 missi
914 971 938 997 a
956 960 1135 998 Mutiano
1155 961 1220 998 illo
1237 960 1486 1008 polyhistore.
1519 959 1570 998 In
1591 971 1634 998 eo
1654 961 1930 998 commentario
1951 960 2124 1006 717179677-
2138 973 2169 1001 ιο
2216 983 2218 985 >

410 1037 468 1070 ter
494 1029 715 1079 perscripsi
748 1039 836 1076 quie
865 1028 938 1066 1706
968 1038 1073 1065 anno
1104 1027 1153 1065 de
1181 1038 1226 1064 re
1252 1032 1320 1064 tua
1351 1027 1486 1065 didici.
1534 1027 1606 1065 3671
1623 1029 1716 1076 quia
1742 1033 1904 1066 neutras
1932 1027 2124 1075 recepisti,

411 1100 544 1137 76716777
580 1096 779 1135 occidione
808 1096 1018 1134 occidisse:
1061 1106 1137 1132 non
1167 1096 1268 1132 enim
1303 1105 1434 1132 07777763
1466 1095 1569 1133 scire
1604 1095 1743 1133 debent
1770 1107 1858 1143 quae
1896 1095 1964 1133 tibi
2001 1095 2126 1132 amico

337 1171 395 1202 §.4-
411 1166 660 1204 communico.
710 1163 890 1211 Aquilius
920 1162 1033 1211 apud
1054 1163 1306 1200 Francorum
1337 1162 1480 1199 uadum
1510 1163 1638 1201 sedet:
1668 1163 1844 1202 discessit
1873 1174 1917 1201 eo
1953 1162 2125 1208 consilio,
2162 1163 2164 1165 ’

412 1238 454 1271 777
479 1237 514 1270 76
543 1233 664 1270 bonas
693 1214 809 1269 artes!
832 1230 992 1267 audiret
1024 1231 1342 1278 prcecipientem:
1385 1241 1474 1278 spes
1511 1241 1652 1278 vassum
1683 1230 1836 1277 fefellit
1862 1231 2004 1268 nuncio
2029 1228 2126 1276 sor—

412 1302 516 1338 tuito.
571 1302 703 1347 repete
733 1298 782 1336 ab
812 1297 1039 1335 errabundo
1065 1298 1201 1335 literas
1230 1297 1491 1335 errabundas.
1554 1298 1640 1346 qu
1669 1299 1824 1335 interim
1861 1297 2026 1336 cantabo
2060 1296 2171 1338 7717775
2201 1292 2232 1337 ’11

337 1375 394 1405 §.s
409 1368 575 1406 67777716777
604 1368 843 1405 cantilenam
852 1379 867 1411 ,·
895 1365 968 1403 3671
994 1375 1146 1402 37777777777
1175 1376 1332 1413 sequar.
1391 1366 1512 1403 Pater
1543 1370 1630 1403 tuus
1657 1365 1803 1403 Ulisseo
1830 1366 1995 1413 7777767770
2010 1375 2128 1413 prce-
2223 1352 2225 1361 ¹

411 1437 513 1474 ditus
541 1435 727 1474 callidior
754 1438 812 1472 est
839 1444 957 1481 quam
988 1437 1031 1470 ul
1054 1434 1173 1480 plene
1212 1434 1468 1480 inteiliqatur.
1504 1435 1650 1481 quotics
1681 1444 1831 1471 mecum
1857 1435 2037 1481 loquutus
2061 1435 2128 1478 637,

405 1504 639 1551 frequenter
664 1506 792 1540 autem
821 1503 1000 1548 loquutus
1029 1504 1097 1549 est,
1129 1510 1282 1548 semper
1311 1501 1480 1538 ridicule
1511 1501 1559 1539 de
1586 1506 1621 1539 te
1651 1502 1925 1548 interi-offatm,
1953 1500 2128 1538 damna-

409 1573 462 1609 uit
490 1574 527 1609 et
561 1575 596 1608 76
623 1570 870 1617 studiumque
896 1573 1003 1606 77777777
1033 1579 1124 1606 voce
1151 1568 1250 1606 adeo
1278 1569 1574 1619 contemptibili,
1611 1574 1653 1606 ut
1683 1571 1750 1606 vix
1780 1568 1983 1607 habereris
2014 1568 2129 1605 unius

411 1640 534 1676 assis:
562 1639 666 1675 mira
697 1637 878 1683 audires,
907 1637 942 1674 si
968 1636 1105 1674 liceret
1132 1640 1250 1673 extra
1276 1637 1478 1684 epistolam
1507 1638 1752 1685 exspatiari:
1779 1637 1843 1674 7716
1870 1647 1960 1674 vero
1990 1645 2124 1683 quam·
2139 1646 2172 1673 20
2205 1647 2211 1670 5

411 1716 528 1753 quam
559 1705 661 1743 ludit
686 1704 893 1743 sordidata
924 1707 992 1741 tua
1021 1705 1324 1750 eoeisti'iizatioiie,
1361 1704 1615 1744 77717710777777773
1653 1708 1782 1742 tamen
1812 1703 1933 1742 laude
1963 1707 2029 1740 tua
2060 1703 2129 1740 mi-
2172 1700 2187 1711 “”

410 1784 498 1811 runi
528 1774 569 1811 in
598 1773 756 1810 modum
781 1773 985 1820 pascitur,
1019 1782 1138 1819 quam
1171 1782 1374 1819 nunquam
1402 1773 1498 1810 satis
1534 1773 1668 1817 audit,·
1712 1775 1857 1809 ccetera
1890 1771 2033 1809 occulit
2069 1771 2130 1807 vir

405 1841 607 1889 prudens,
636 1842 811 1879 animum
836 1841 1056 1878 titillantem
1081 1850 1134 1877 eo:
1156 1841 1230 1877 tuis
1251 1840 1466 1887 prceconiis
1493 1850 1569 1877 non
1590 1841 1752 1878 occulit:
1781 1838 2011 1885 manifestat
2031 1837 2132 1876 illud

412 1909 554 1946 crebra
570 1909 618 1946 de
634 1913 669 1946 te
684 1909 876 1956 repetitio.
906 1917 1029 1956 porro
1048 1908 1200 1945 ca'teris
1220 1907 1449 1945 canentibus
1468 1909 1644 1955 receptui
1663 1918 1801 1945 novum
1819 1908 1902 1955 ipse
1922 1904 2131 1944 exo'rditur

407 1977 668 2024 postliminio:
698 1987 787 2024 qucc
813 1987 877 2013 res
906 1975 1004 2012 7777177
1029 1979 1134 2012 certo
1163 1975 1309 2012 indicio
1336 1974 1420 2021 suit
1448 1976 1566 2013 aliter
1596 1976 1644 2013 716
1667 1979 1702 2012 76
1728 1975 1879 2021 dicere,
1900 1975 2015 2012 aliter
2028 1979 2130 2014 ’3677-
2143 1987 2176 2014 25
2210 1990 2222 2011 .·

340 2047 399 2078 Μ-
415 2047 500 2082 tire.
536 2048 750 2093 propterea
784 2044 914 2081 077777777
947 2043 997 2081 716
1025 2047 1060 2080 76
1081 2044 1202 2091 pleno
1231 2053 1298 2080 ore
1325 2053 1601 2081 commemoro:
1644 2042 1748 2080 ridet
1776 2044 1861 2089 ille,
1909 2041 2133 2090 vilipendit.-

412 2112 497 2149 176777
523 2111 646 2164 liabeo
676 2117 731 2159 76,
762 2107 934 2149 callide!
973 2111 1053 2149 scio
1086 2110 1184 2158 quid
1205 2112 1346 2159 sentis:
1387 2110 1590 2158 satisfacis
1627 2114 1689 2148 tuo
1721 2111 2003 2158 circumspecto
2043 2120 2133 2147 367·-

2206 1756 2207 1765 !
2217 1459 2232 1698 ἱῑ-α--ι-ὸ-Δν-τ-
2224 1425 2232 1442 -
2218 1370 2232 1398 ’1-

1545 2217 1564 2228 2

505 2257 515 2277 ¹
542 2258 673 2299 nigric.
694 2254 965 2298 consodalibus]
991 2256 1128 2288 veteris
1155 2256 1316 2288 abbatim„
1334 2255 1530 2297 Fuldanae,
1559 2266 1577 2287 e
1604 2266 1676 2298 qua
1692 2256 1876 2287 Huttenus
1893 2255 1979 2287 olim
1998 2255 2134 2297 effuge-

415 2317 489 2354 rat,
523 2313 654 2346 incolis
678 2313 932 2345 Benedictinis
965 2313 1026 2354 qui
1056 2313 1172 2354 nigris
1203 2313 1370 2345 vestibus
1402 2315 1563 2344 utuntur.
1657 2311 1671 2332 ²
1695 2315 1735 2344 ut
1759 2314 1899 2344 vestem
1929 2312 2025 2344 velle
2058 2321 2132 2343 mu-

414 2373 532 2411 tasse,
566 2369 805 2410 credidisses,
841 2372 905 2401 aut
935 2369 1137 2401 incussisse
1161 2369 1280 2400 minas
1305 2368 1400 2400 male
1427 2368 1674 2400 audientibus.
1697 2370 1816 2400 J.2.-!.
1836 2369 1948 2401 Locus
1970 2371 2055 2400 male
2079 2378 2133 2399 377-

414 2438 474 2458 77773
499 2437 603 2469 neque
627 2430 676 2458 sic
701 2426 927 2457 emendandus
951 2429 1018 2463 est,
1044 2431 1079 2457 ut
1106 2427 1127 2457 3
1153 2427 1265 2458 dedit:
1291 2435 1425 2465 sermo,
1453 2428 1488 2456 te
1515 2426 1714 2457 incussisse
1734 2426 1850 2456 minas
1868 2424 1963 2456 male
1983 2410 2132 2456 audien-

415 2483 532 2523 tibus,
558 2486 598 2514 ut
615 2485 756 2515 vestem
774 2482 870 2514 velle
888 2484 1051 2514 mutasse
1072 2482 1233 2513 creditus
1253 2481 1390 2513 esses“.
1433 2480 1571 2513 Sensum
1587 2482 1672 2514 1777777·
1689 2493 1761 2514 6336
1782 2486 1885 2523 puto:
1910 2481 2047 2513 Incidit
2065 2480 2131 2511 ali-

418 2538 559 2580 quando
585 2549 719 2579 sermo,
746 2541 803 2579 ut,
830 2541 929 2570 metu
952 2539 1129 2570 minarum
1155 2537 1250 2570 male
1277 2538 1512 2569 audientibus
1530 2538 1755 2569 incussarum
1776 2541 1993 2577 commotus,
2020 2537 2134 2569 vestis

417 2595 654 2626 mutationem
684 2596 763 2636 pati
786 2595 882 2627 velle
908 2606 979 2627 non
1003 2606 1188 2638 nunquam
1213 2595 1313 2627 visus
1331 2604 1458 2635 -esses,
1491 2597 1622 2636 postea
1645 2604 1732 2626 vcro
1758 2594 1923 2635 deposito
1949 2593 2012 2625 illo
2036 2596 2135 2624 metu

419 2651 585 2683 investiri
610 2661 832 2683 recusasses.
860 2652 1019 2683 Nonnihil
1056 2653 1225 2684 eiii-cidisse
1249 2652 1391 2683 videtur.
1433 2650 1505 2682 Sed
1528 2652 1569 2682 (le
1595 2651 1745 2682 Ilulteno
1767 2660 1876 2692 puero
1902 2660 1967 2681 77077
1990 2651 2135 2681 mirarer

417 2708 447 2738 si
470 2709 637 2748 leger-etur
660 2711 700 2738 ut
723 2711 863 2739 vestem
887 2706 974 2750 [qua
996 2708 1168 2740 scholares
1192 2708 1410 2740 Benedictinz‘
1432 2705 1629 2748 utebantur]
1661 2718 1747 2738 cnse
1773 2709 1934 2738 mutasse
1961 2705 2134 2737 credidis-

420 2773 477 2794 ses
497 2766 604 2804 atque
624 2764 820 2796 incussisse
838 2762 900 2795 Sto.
919 2775 994 2796 nam
1005 2766 1143 2806 pariter
1160 2765 1206 2796 ad
1229 2774 1337 2795 67736777
1363 2768 1462 2805 atque
1487 2764 1534 2795 7771
1555 2767 1715 2795 calamum
1733 2764 1875 2795 llutteni
1890 2765 2038 2795 deoetera
2052 2772 2135 2794 36777-

417 2829 483 2858 per
504 2823 630 2859 parata
649 2820 727 2860 fuit.
820 2820 833 2840 ⁶
858 2820 947 2852 urbe
964 2819 1088 2864 Brun.]
1115 2821 1306 2852 Brunsm‘ci.
1400 2818 1428 2839 ¹⁰
1452 2821 1575 2851 Lossii
1592 2823 1613 2852 i.
1633 2831 1661 2851 e.
1682 2820 1897 2858 ΘΗΜ-6177777777
1913 2823 2033 2851 contra
2051 2819 2135 2851 Los-

422 2877 489 2905 sios
513 2875 598 2906 libri.
684 2875 711 2895 ¹0
734 2875 897 2908 Muliano
924 2879 955 2908 1.
1042 2875 1069 2897 ¹3
1093 2877 1315 2917 Francofurti
1338 2877 1385 2908 ad
1412 2877 1584 2908 Vz'adrum.
1661 2874 1688 2896 ¹⁴
1713 2876 1803 2918 Spes
1828 2885 1961 2917 vagum
1986 2875 2134 2908 fefellit.
2211 2892 2217 2926 ι

423 2929 562 2961 Nuncio
588 2931 738 2961 foi-tuito
763 2936 888 2974 repete
907 2935 939 2965 1.
959 2935 991 2966 2.
1010 2937 1043 2965 et
1058 2935 1210 2966 similiter
1228 2935 1260 2965 3.
1275 2935 1306 2966 4.
1379 2931 1406 2953 ¹⁶
1430 2933 1585 2974 Ulysseo
1603 2935 1635 2964 3.
1707 2931 1734 2952 ¹3
1759 2931 1913 2964 ridiculo
1932 2934 1964 2963 1.
2035 2931 2063 2952 ²⁰
2087 2931 2133 2962 Il-

425 2981 481 3015 lesi
517 2983 558 3025 ἧι]
584 2985 676 3017 huht
702 2985 781 3027 [sive
806 2988 897 3020 dicit
913 2989 1018 3032 malis]
1044 2993 1205 3033 seriptum
1223 2991 1331 3032 fuisse
1354 2991 1490 3031 sumpsi.
1521 2989 1590 3022 Illo
1614 2989 1695 3031 (Ille
1714 2991 1746 3020 2.
1759 2990 1792 3020 3.
1806 2987 1853 3025 4.)
1880 2997 2056 3030 quemque
2082 2987 2132 3019 vi-

428 3041 478 3071 cit
504 3040 639 3079 (vincit
663 3043 694 3073 2.
716 3045 750 3073 3.
770 3043 817 3084 4.)
837 3045 929 3077 sord.
955 3050 1020 3078 tua
1046 3047 1330 3079 existimatione.
1379 3046 1622 3079 Nihilominus
1653 3047 1730 3078 edd.
1823 3043 1852 3065 ²⁵
1884 3046 2021 3077 iudicio
2048 3047 2079 3077 1.
2099 3046 2132 3076 2.

426 3094 455 3113 ²⁷
482 3095 602 3125 Locum
628 3098 746 3136 „Hem
766 3122 852 3131 .....
872 3101 933 3132 vix
953 3102 1167 3134 extollere.“
1192 3105 1242 3134 ita
1264 3104 1315 3134 1773
1338 3105 1466 3135 lineolis
1490 3128 1511 3143 „
1541 3103 1563 3118 “
1590 3104 1746 3134 distinxit
1772 3103 1804 3133 3.

2215 3337 2220 3359 4

2215 3383 2221 3416 1
