2232 3568
426 208 487 253 24
626 218 669 249 Χ.
705 225 859 248 VAmAM
877 225 925 246 AD
944 225 1218 247 TANNSTETTER.
1238 227 1294 248 1:1⁸.
1314 229 1349 251 D.
1384 223 1426 250 12.
1447 228 1522 252 IAN.
1544 226 1620 252 1512.
1639 232 1713 253 (ΝΜ
1730 233 1920 256 ΕΝΟΟΜΠΒ.

423 343 463 367 ac
484 330 709 377 Singrcniuni
730 328 1013 375 chalcographus
1035 329 1112 364 cius
1133 329 1337 377 invulgandi
1359 344 1469 380 opera
1490 331 1667 384 suscepta,
1697 338 1757 385 qui
1778 339 1874 387 typis
1895 339 1970 376 suis
1991 343 2140 383 exactisz
2196 355 2198 358 ·
2216 339 2232 374 .'

333 391 356 422 ς,
383 394 408 419 9.
424 387 521 421 simis
552 386 602 423 rei
625 385 808 419 litteraria!
829 384 884 418 his
906 384 1007 419 annis
1028 395 1101 420 non
1122 386 1211 421 nihil
1234 387 1296 423 visi
1318 394 1402 425 sunt
1422 391 1615 438 profuisse.
1657 394 1718 441 qui
1739 399 1776 430 et
1795 395 1889 432 hune
1909 397 2016 433 credo
2036 397 2137 436 libel·
2194 434 2196 438 ,

422 442 492 477 lum
515 440 817 475 eninnctissinnnn
839 440 963 478 edent,
988 445 1049 475 tuo
1071 452 1155 477 vcro
1176 444 1320 480 nominc
1342 446 1570 494 insignitum,
1600 450 1733 498 Georgi
1753 451 2052 495 vicecancellarie,
2075 457 2135 504 qui

423 502 457 531 ct
480 496 671 530 lluttcnum
692 500 872 535 nostrum,
903 496 986 531 dum
1007 496 1147 538 aderat,
1179 499 1290 535 multa
1310 501 1532 541 humanitate
1553 510 1589 541 et
1610 506 1782 554 singulari
1802 508 2068 551 benevolentia,
2095 516 2135 549 ut

332 564 354 594 §.
367 564 404 590 ιο,
421 550 576 590 decebat,
600 536 888 598 prosequebaris.
930 556 966 587 ct
986 551 1056 587 divi
1077 553 1301 592 Maximiliani
1319 560 1471 605 Augusti
1492 560 1656 598 victrices
1676 563 1814 611 aquilas
1835 565 2063 614 animumque
2083 567 2173 604 in·:⁵

422 607 549 641 victum
572 611 607 641 ct
629 606 663 641 in
685 607 845 642 cruditos
868 618 991 643 omnes
1013 608 1260 648 incredibilem
1280 613 1538 662 benignitatem
1560 618 1742 655 decantari
1770 626 1823 661 et,
1859 627 1900 657 ut
1928 623 2057 659 merito
2084 623 2144 666 fit„
2195 655 2199 671 2

420 662 655 697 commendari
677 663 920 709 gratissimum
942 663 1006 699 tihi
1028 677 1170 714 semper
1190 669 1316 710 suerit,
1353 673 1649 718 quemadmodum
1679 682 1734 712 est
1759 682 1795 713 et
1822 677 1907 713 mihi
1937 683 1972 714 et
1998 681 2163 718 coeteris·
2196 722 2198 725 ¹

328 717 539 759 §‚11‚l›onis‚
567 718 626 764 qui
649 718 777 754 iustam
798 730 938 756 causam
961 725 1110 758 externo
1133 724 1243 761 favori
1265 731 1500 775 anteponunt.
1559 731 1643 767 Vale
1663 737 1699 767 ct
1720 733 1755 768 in
1777 734 1892 770 animo
1912 735 2032 782 cogita
2053 736 2136 783 quid

419 774 600 808 Germanis
621 774 663 808 de
686 774 843 811 lluttcno
865 787 1011 824 sperare
1040 777 1162 821 liceat,
1201 782 1260 829 qui
1289 783 1364 819 haec
1392 790 1428 821 ct
1455 786 1523 822 alia
1550 788 1708 829 nonduin
1737 790 1940 826 vicesimum
1969 802 2135 839 egressus
2198 819 2199 824 ,

416 840 544 864 anuum
567 829 769 867 meditetur.
848 831 991 870 Viennae
1011 835 1204 874 Panuoniae
1224 839 1340 886 pridie
1361 840 1468 878 Eidus
1489 843 1679 880 lanuarias.
1717 846 1820 883 Anno
1841 846 1995 883 Muxn.
2140 853 2177 885 ω

0 857 16 995 3

0 998 38 1084 3,

437 1193 700 1240 [VINDOBONAE.]
1250 1204 1308 1248 [1.]
1955 1225 1990 1248 A.
2018 1222 2094 1249 1512.

1023 1281 1233 1316 IOANNES
1257 1286 1526 1321 ABHAVSER.

5 1285 11 1305 l

8 1312 11 1328 3

6 1332 11 1383 ί
766 1348 901 1386 Saecula
922 1363 988 1398 per
1008 1352 1135 1389 doctos
1157 1356 1336 1402 quondam
1357 1358 1513 1397 coluisse
1533 1360 1663 1398 Poetas

0 1386 9 1426 's
869 1407 1062 1445 Pulchrum
1084 1416 1178 1452 erat,
1211 1417 1251 1448 nt
1271 1412 1410 1461 legeret
1431 1416 1538 1452 sortia
1561 1418 1652 1454 sacta
1673 1431 1796 1468 nepos.

4 1434 9 1495 3
765 1462 908 1499 Scilicet
928 1464 998 1501 hoc
1020 1465 1127 1502 tellus
1149 1467 1291 1505 Graium
1313 1471 1525 1520 Latiumque
1547 1475 1740 1523 superbum

3 1516 8 1543 3
703 1526 717 1550 -ι
861 1520 1032 1562 Discitur,
1056 1527 1092 1558 et
1112 1523 1230 1560 clarus
1251 1527 1407 1563 carmine
1429 1529 1534 1565 durat
1555 1531 1683 1568 honos.

4 1586 8 1600 b
745 1574 853 1618 -Quid
875 1575 910 1611 ni
932 1576 1004 1613 sata
1026 1578 1148 1615 volent
1169 1581 1277 1617 rebus
1299 1583 1354 1619 his
1376 1584 1486 1621 affore
1510 1591 1632 1628 testes,
1673 1599 1679 1605 ·

1 1627 7 1673 ξ
870 1632 955 1676 Quis
976 1633 1148 1671 bello'vel
1171 1638 1250 1684 quis
1271 1651 1357 1686 pace
1377 1642 1553 1677 verendus
1574 1644 1680 1680 ades?

763 1687 891 1724 Militat
911 1700 992 1725 ecce
1015 1691 1078 1727 tihi
1098 1693 1272 1735 Phoehus,
1307 1695 1369 1731 tihi
1391 1697 1495 1733 (locta
1517 1700 1676 1737 Camenae

701 1751 717 1777 8
860 1744 1020 1782 Carmina
1042 1756 1270 1797 proponunt,
1302 1753 1448 1800 praemia
1469 1766 1597 1803 magna
1617 1757 1764 1799 ducum;

760 1799 849 1836 Ecce
872 1806 949 1837 tuas
970 1803 1079 1840 celeri
1100 1806 1308 1854 complexus
1329 1810 1485 1847 carmine
1506 1811 1629 1849 laudes

868 1858 1065 1901 Huttenus,
1095 1862 1155 1909 qui
1176 1863 1231 1898 vix
1251 1863 1306 1900 liis
1327 1865 1398 1901 duo
1419 1866 1534 1904 lustra
1555 1869 1666 1906 videt:

763 1913 894 1950 Maiora
915 1915 972 1951 his
993 1928 1141 1965 sperare
1161 1918 1246 1956 licet
1268 1933 1340 1969 quo
1361 1929 1463 1969 gesta
1485 1931 1638 1973 nepotes

691 1977 721 2003 12
864 1971 1057 2014 Miremur,
1089 1974 1207 2011 Caesar
1226 1977 1464 2020 Maxmiliane,
1497 1987 1568 2017 tua.

759 2026 853 2075 Ergo
875 2028 972 2076 pium
994 2036 1111 2067 vatem
1133 2043 1272 2074 serves,
1294 2035 1474 2083 Auguste,
1504 2040 1654 2086 perenni

866 2084 1049 2122 victurum
1071 2099 1192 2130 versu,
1224 2101 1296 2138 quo
1317 2097 1379 2128 tua
1400 2099 1542 2142 sceptra
1562 2096 1669 2132 canit.

1234 2220 1293 2265 [2]

991 2298 1235 2332 VADIANVS
1261 2301 1533 2338 GERMANVS.

758 2365 865 2402 Gesta
885 2369 1000 2403 virum
1023 2369 1220 2416 quondam,
1251 2384 1324 2408 non
1346 2374 1509 2422 victaque
1531 2374 1633 2423 signa
1655 2380 1815 2416 recondit

865 2423 970 2460 Solus
992 2436 1093 2462 amor
1113 2427 1223 2463 vestri
1245 2429 1311 2465 sub
1332 2430 1407 2466 scra
1429 2431 1522 2468 bella
1544 2433 1632 2469 soli:

757 2479 953 2517 Germanos
975 2482 1107 2517 etenim
1128 2495 1259 2520 nomen
1281 2487 1453 2534 quaesisse
1474 2500 1539 2536 per
1559 2501 1655 2526 arma

696 2543 711 2568 4
853 2537 929 2573 Mos
951 2543 1044 2579 erat,
1076 2543 1112 2575 et
1133 2551 1226 2576 saevo
1247 2554 1384 2590 ponere
1405 2545 1441 2580 in
1461 2544 1567 2582 hoste
1587 2547 1713 2590 decus;

405 2658 433 2701 [l
452 2662 541 2705 et2.]
590 2663 624 2706 1)
643 2666 757 2698 Indie.
777 2667 865 2700 bibl.
884 2680 919 2701 n.
930 2670 991 2702 VI.
1011 2669 1109 2714 (pag.
1128 2670 1187 2704 9²¹³.
1205 2683 1288 2705 vers
1305 2673 1353 2716 6.)
1423 2674 1461 2718 2)
1478 2690 1523 2705 Ξ
1538 2678 1643 2710 Hutt.
1661 2681 1848 2714 Miineh.I.
1867 2694 2117 2727 p.xcv11.sqq.

420 2708 2119 2737 Ἣ

494 2796 502 2816 ¹
530 2797 781 2841 Syngremium
806 2803 850 2835 B.
872 2805 904 2836 3.
926 2807 958 2837 4.
979 2808 1012 2837 5.
1101 2807 1378 2852 Calcographos
1395 2812 1440 2843 Α.
1457 2812 1502 2844 B.
1524 2815 1557 2845 3.
1597 2816 1684 2847 Vide
1702 2817 1812 2849 Indic.
1837 2818 1988 2861 biblioyr.
2002 2832 2028 2862 p
2047 2819 2116 2853 .9*.

0 2825 13 2850 ἢ
405 2862 488 2883 ver-s.
507 2856 584 2885 2.3.
665 2856 678 2876 ²
702 2857 868 2902 litei-arie
885 2862 928 2893 B.
1002 2864 1063 2905 qui
1087 2874 1148 2896 om.
1168 2867 1200 2896 4.
1211 2867 1243 2896 5.
1330 2865 1344 2886 ⁵
1367 2867 1397 2900 8:
1413 2869 1652 2912 Imperatoris
1675 2873 1921 2906 Maximiliani
1947 2874 2028 2916 (om.
2046 2878 2115 2910 Au-

0 2898 11 2950 ἑκ
407 2910 516 2945 gusffl
535 2911 577 2943 B.
590 2914 623 2943 3.
636 2914 667 2944 4.
679 2916 710 2944 5.
794 2915 807 2934 ⁸
832 2913 888 2950 oss
913 2919 958 2950 A.
1040 2919 1054 2939 ⁷
1078 2921 1149 2953 fuit
1167 2923 1199 2953 4.
1211 2925 1242 2953 5.
1326 2922 1339 2943 ἶ·
1365 2927 1402 2955 et
1428 2928 1548 2958 tecum
1567 2929 1692 2970 cogita
1710 2929 1753 2961 B.
1775 2931 1808 2962 3.
1821 2932 1852 2961 4.
1872 2933 1904 2962 5.
1976 2931 1990 2952 9
2014 2934 2114 2977 vige-

405 2963 532 2996 simum
557 2967 599 2998 B.
671 2971 826 3003 nondum
860 2974 1086 3007 vicesimum.
1129 2978 1264 3011 Errare
1288 2979 1535 3014 Vudianum.et
1567 2985 1798 3018 Abhauserum
1830 2999 1859 3019 υ.
1880 2990 1937 3019 10.
1969 2994 2113 3022 constat.

407 3016 433 3035 ¹⁰
455 3019 620 3054 Viennae
645 3029 678 3054 et
703 3036 777 3067 quw
793 3034 984 3069 sequuntur,
1010 3042 1071 3064 om.
1082 3034 1117 3064 3.
1190 3033 1218 3055 ¹⁰
1241 3036 1440 3068 Ponnoniae
1464 3037 1513 3070 ΙΙ.
1532 3040 1617 3072 Idus
1633 3041 1678 3073 B.
1749 3041 1778 3062 ¹⁰
1801 3043 1904 3076 Anno
1921 3041 1978 3076 dfii
1993 3045 2038 3077 B.

494 3073 521 3094 ¹²
550 3077 604 3109 De
622 3078 834 3115 Abhausero
851 3084 942 3116 nihil
958 3089 1053 3119 novi.
1099 3122 1102 3123 γ
1126 3088 1154 3109 ¹²
1169 3090 1422 3125 Maximiliane
1441 3095 1473 3124 2.
1494 3113 1535 3118 -
1604 3094 1619 3115 4
1643 3106 1726 3128 sera
1744 3099 1776 3130 2.
2059 3108 2062 3111 '
