2232 3568
425 222 520 270 314
570 232 714 265 CXLII.
734 243 841 265 flv'r'r.
860 241 908 263 AD
926 240 1028 263 nass.
1047 240 1103 262 ΕΡ.
1132 228 1296 261 CXLIII.
1315 238 1449 261 ADELM.
1469 238 1516 261 An
1535 238 1684 262 rumim.
1703 239 1758 262 ΕΡ.
1778 239 1812 262 n.
1833 234 1858 261 1.
1879 238 1961 262 Νον.
1985 234 2059 263 1519.

423 357 537 396 quem
565 345 736 396 pontifex
766 344 1008 383 anathemate
1040 346 1299 392 percusserat.
1360 341 1461 380 Nihil
1492 342 1566 380 vidi
1595 341 1775 385 liberius,
1815 341 2026 391 elegantius
2055 342 2127 384 hoc

425 413 461 450 in
491 424 634 462 genere
662 411 768 450 nihil.
816 412 871 450 Ita
900 410 1093 461 percellit,
1125 411 1252 460 itaque
1274 410 1439 459 proterit
1459 422 1501 447 ac
1523 408 1669 458 iugulat
1690 410 1931 458 impostores.
1973 409 2135 459 (lignum

345 482 403 514 §-6·
426 480 515 518 duxi
546 479 766 517 adscribere
795 479 1060 528 prael'ationem
1091 489 1176 528 quae
1205 476 1318 515 simul
1349 477 1496 515 edetur.
1557 476 1639 514 Hoc
1668 481 1744 514 tam
1777 476 1905 515 nobile
1934 477 2125 517 inventum

343 750 402 781 §.7.

416 547 563 597 prodes
591 547 722 585 amicis
751 547 897 585 circum
929 545 1108 584 omnibus
1136 549 1177 583 ut
1204 544 1508 594 expectationem
1544 544 1634 594 ipsis
1663 544 1834 592 ingeras,
1871 555 1997 594 neque
2030 545 2128 584 enim

422 616 543 653 visum
573 614 699 653 adhuc
730 614 893 663 cuipiam
924 612 1111 656 arbitror,
1147 611 1331 662 valdeque
1360 612 1440 660 ipse
1468 611 1561 648 mihi
1592 609 1726 660 placeo
1758 610 1849 648 dum
1880 622 1963 648 rem
1994 612 2154 652 eximies

423 681 643 731 pulchram,
677 693 751 720 nec
777 681 1078 719 1ni1u1sinteri1n
1107 679 1384 722 necessariam,
1415 678 1565 727 primus
1593 678 1631 716 in
1660 677 1786 715 lucem
1811 677 1883 715 hac
1909 681 2130 727 tempestate

424 750 594 799 profero.
654 749 745 788 Hzec
780 748 879 787 volui
913 759 991 785 non
1023 750 1097 784 tam
1132 749 1173 783 ut
1205 756 1254 784 ne
1292 746 1512 794 ignorares,
1561 757 1677 795 quam
1709 748 1752 782 ut
1795 743 1930 782 similia
1969 744 2131 785 audendi

421 817 591 855 animum
631 816 697 855 tibi
735 815 926 857 facerem,
967 818 1085 864 utque
1125 816 1344 863 torpentem
1387 816 1423 850 te
1461 816 1594 850 mutua
1626 811 1866 850 {emulatione
1911 812 2128 852 excitarem.

422 883 499 922 Iam
531 884 595 922 (liu
626 885 727 922 enim
762 887 819 921 est
857 882 959 933 quod
998 880 1091 919 nihil
1129 880 1197 918 abs
1233 884 1267 918 te
1298 891 1440 918 novum
1470 879 1628 929 accipio.
1689 877 1779 917 Vale
1810 890 1857 917 ex
1883 877 2130 930 Steckelberg

422 950 487 989 Vll
518 947 645 989 Calefi.
678 950 919 989 Novembris.
2093 972 2096 975 -
2139 949 2170 990 ψ

534 1017 821 1068 Aperbachium
853 1021 890 1056 et
918 1017 1129 1056 Mulianum
1162 1014 1255 1053 nihil
1293 1013 1507 1053 scribentes
1546 1026 1591 1052 ex
1621 1025 1683 1051 me
1713 1011 1846 1051 saluta.
1906 1013 2014 1052 quta
2044 1024 2131 1063 pro-

422 1085 605 1124 ficiscitur
633 1085 679 1123 a‹l
709 1085 841 1124 Ionam
868 1083 1040 1136 epistola.
1102 1084 1241 1121 iterum
1274 1082 1366 1120 vale.
2038 1072 2045 1075 ⁷

1076 1151 1150 1189 Per
1181 1161 1467 1188 amanuensem.

871 1223 1053 1266 [Exterior
1079 1222 1245 1264 epistulae
1271 1221 1463 1262 inscriptio
1489 1220 1569 1252 haec
1596 1218 1683 1262 estt]

859 1286 1018 1324 Eobano
1043 1284 1163 1323 Hesl'o
1196 1284 1324 1322 Poetae
1356 1282 1475 1320 nobili
1506 1294 1545 1320 a·
2141 1281 2172 1309 ¹⁶

860 1355 960 1393 mico
991 1351 1208 1417 neceQario
1239 1350 1345 1402 sibiq3
1377 1350 1491 1398 longe
1523 1349 1653 1388 cai-iss.
2222 1342 2226 1344 ’

996 1419 1115 1459 Salut.

1192 1474 1422 1513 Erdfurdiae.

421 1802 597 1825 AVGVSTAE
623 1801 918 1824 vmnssmconvm.
1108 1776 1448 1826 CXXXXIII.
1881 1791 1905 1818 ¹.
1926 1797 2009 1818 nov.
2032 1791 2108 1818 1519.

752 1905 1005 1943 BERNARDVS
1035 1905 1267 1941 ADELMANN
1296 1904 1348 1939 DE
1378 1901 1804 1939 ADELMANNSFELDEN
2129 1878 2173 1933 Υ20

1028 1966 1243 1995 CANONICVS
1269 1965 1528 1992 AVGVSTANVS

913 2020 1179 2054 BILIBALDO
1206 2018 1577 2052 PIRCKHEIMERO
1605 2018 1639 2049 S.

534 2106 623 2150 Quid
654 2111 772 2141 actum
802 2105 849 2140 sit
878 2116 958 2140 cum
989 2108 1115 2138 nostro
1147 2101 1319 2137 Reuclilin
1352 2101 1500 2147 ignoro,
1541 2099 1690 2136 meliora
1720 2104 1839 2134 tamen
1869 2109 1989 2146 spero.
2048 2096 2132 2140 Quae

421 2163 600 2199 Huttenus
623 2161 767 2209 scripsit
797 2161 885 2201 vidi;
918 2165 1014 2195 taxat
1044 2158 1196 2198 multos,
1229 2169 1293 2193 nec
1314 2156 1578 2193 contribulibus
1600 2155 1688 2191 meis
1710 2155 1834 2203 parcit.
1885 2154 2025 2190 videtur
2046 2151 2131 2189 mihi

421 2220 542 2256 nescio
575 2218 660 2266 quid
690 2218 733 2253 (le
763 2216 983 2253 Franconico
1016 2215 1110 2250 sastu
1149 2213 1331 2253 redolere;
1378 2225 1482 2260 quain
1519 2223 1601 2248 vere
1633 2211 1836 2259 scripserit,
1883 2210 2039 2246 iudicent
2069 2208 2171 2257 qui²⁵

422 2288 484 2312 sua
516 2275 654 2322 legunt.
678 2301 703 2326 ·.
710 2298 1153 2308 ...............
1186 2269 1370 2316 Dialogum
1392 2268 1634 2305 Nastadiensis
1655 2267 1789 2302 Erasmi
1820 2278 1899 2302 esse
1929 2266 2018 2302 bene
2047 2264 2132 2301 scri-

422 2332 486 2367 bis.
538 2331 610 2378 legi
642 2330 748 2366 bodie
779 2340 904 2365 eorum
936 2328 1097 2366 nomina,
1131 2325 1166 2360 in
1199 2337 1291 2373 quos
1323 2325 1479 2372 scriptus
1511 2325 1597 2364 suit;
1631 2335 1753 2359 omnes
1776 2329 1859 2358 sunt
1880 2322 2130 2358 Lovanienses.

424 2387 682 2436 Impriniuntur
712 2397 806 2421 nunc
837 2384 1007 2433 Epistolae
1039 2394 1112 2418 suae
1144 2387 1247 2417 antea
1279 2392 1350 2416 non
1382 2381 1567 2428 impressa*
1591 2404 2129 2414 ..................

421 2446 593 2491 Augustae
630 2442 745 2491 prima
775 2440 983 2478 Novembris
1014 2450 1108 2475 anno
1141 2437 1267 2473 salutis
1298 2436 1440 2472 belx.

720 2562 953 2595 CXXXXIII.
994 2561 1199 2592 Heumann.
1227 2558 1357 2597 (India.
1377 2556 1464 2588 bibl.
1486 2567 1518 2588 n.
1539 2555 1608 2597 70.)
1634 2567 1668 2598 p.
1691 2555 1764 2586 177.
1783 2565 1833 2597 sq.

509 2675 522 2696 ³
550 2676 605 2708 Cf.
633 2676 730 2707 infra
756 2685 789 2706 n.
811 2674 915 2706 CLV.
1018 2671 1141 2704 nobile
1166 2673 1258 2702 omis.
1285 2672 1317 2702 2.
1331 2672 1366 2703 3.
1474 2668 1487 2688 ⁴
1512 2669 1660 2711 prodest
1678 2669 1720 2701 B.
1743 2671 1843 2700 1...3.
1955 2667 2080 2710 ingras
2098 2667 2131 2697 2.

422 2734 552 2775 ingeas
571 2734 605 2763 3.
655 2730 667 2750 5
693 2731 850 2763 arbitrer
868 2728 927 2761 B2.
975 2728 988 2748 ⁶
1013 2738 1084 2759 non
1109 2727 1227 2758 minus
1244 2724 1283 2744 ²³⁶*
1301 2737 1407 2768 quam
1432 2728 1472 2756 ub
1496 2727 1624 2757 omissis
1639 2715 1757 2757 *verbis
1782 2724 1928 2757 interim
2031 2723 2130 2765 igno-

422 2799 523 2821 rares
542 2791 643 2820 1...3.
697 2798 768 2819 nou
793 2787 909 2818 miuus
936 2785 1081 2816 interim
1107 2783 1235 2814 laudes
1262 2792 1367 2823 quam
1385 2782 1446 2814 3¹.
1492 2791 1563 2812 non
1588 2792 1634 2812 111.
1653 2782 1718 2813 int.
1738 2791 1827 2813 vera
1852 2790 1920 2819 res,
1949 2789 2054 2821 quam
2072 2776 2130 2809 B².

425 2846 438 2865 5³
463 2849 666 2888 terpentem
684 2845 764 2876 2.3.
842 2842 855 2862 ⁹
880 2843 965 2874 novi
983 2841 1027 2872 B.
1049 2840 1147 2870 1...3.
1226 2837 1496 2879 Steekelbergk
1516 2839 1616 2870 1...3.
1684 2836 1709 2857 ¹¹
1735 2835 2014 2879 Aperbacchum
2033 2835 2129 2866 1...3.

425 2900 450 2921 ¹³
475 2902 546 2932 Per
572 2911 689 2932 aman.
717 2905 748 2932 e!
775 2901 903 2942 reliqua
927 2900 1105 2931 omiserunt
1123 2896 1167 2927 B.
1190 2895 1289 2925 1...3.
1910 2928 1916 2933 ,
2166 2897 2171 2902 ·

512 2955 539 2975 ²¹
567 2955 733 2997 contrib.]
761 2957 946 2992 canonicis,
973 2958 1006 2986 ut
1032 2954 1136 2984 Petro
1163 2953 1203 2984 de
1230 2949 1378 2990 Aufsci's.
1463 2948 1491 2968 ²⁶
1516 2948 1678 2992 Dialog.]
1706 2949 1761 2981 Cf.
1781 2957 1889 2991 supra
1908 2958 1941 2989 p.
1956 2946 2029 2978 171.
