2078 3469
98 196 138 227 L.
158 200 310 224 imnum
325 199 372 220 AD
387 198 534 220 Pmciffl.
548 198 604 218 ΕΡ.
617 199 649 218 D.
661 194 796 218 27.APR.
810 192 886 217 1517.
907 187 966 217 LI.
980 196 1146 218 EVTT.AD
1162 196 1377 217 Pincssnffiin
1389 196 1422 217 D.
1432 192 1563 217 25.11A1.
1579 192 1653 217 1517.
1710 176 1800 222 133

392 411 684 462 [LAVRENTIVS
715 414 875 448 BEHAIM
905 413 1145 448 CANOMCVS
1175 414 1500 450 BAMBERGENSIS

510 478 574 509 AD
606 478 914 509 BILIBALDVM
938 477 1374 520 PIRCKHEIMERVM]

1366 553 1463 587 1517.
1496 550 1607 597 April.
1631 554 1686 588 27.

68 620 83 642 5
201 605 367 641 Salutem.
412 603 560 650 Percepi
600 602 723 639 literas
763 608 841 638 tuas
878 615 948 638 una
986 615 1066 639 cum
1107 604 1236 640 iudicio
1266 604 1309 639 M.
1342 605 1512 640 Ortwini:
1559 607 1693 653 gratias
1732 618 1800 654 ago

93 661 301 711 magnificas.
353 659 441 694 illud
464 659 650 699 iudicium,
683 659 777 706 quod
808 658 911 694 nohis
942 660 1153 697 monstravit
1175 660 1210 695 D.
1234 660 1393 700 Stabius,
1426 661 1534 709 longe
1555 662 1798 701 excellentius,

91 719 238 768 lepidius
269 716 504 763 argutiusque
534 715 692 750 videtur:
725 714 851 750 vellem
883 721 921 750 ut
954 716 1218 762 inprimeretur.
1270 716 1331 751 Est
1360 717 1417 752 hie
1437 718 1472 752 D.
1502 718 1650 754 Iacobus
1672 719 1798 758 Fuehs,

92 777 198 813 frater
227 773 366 812 decani,
398 772 451 806 vii·
480 771 607 807 doctus
638 776 673 807 et
705 771 871 817 elegans,
913 772 972 818 qui
1006 777 1102 806 totus
1142 778 1192 807 est
1227 773 1488 808 Reuehlinista:
1529 774 1557 808 is
1589 775 1800 810 mirabiliter

91 831 283 870 delectatur
312 827 465 870 lectione
497 828 622 862 harum
655 828 884 862 materiarum
916 833 1040 875 contra
1073 828 1311 872 tlieologistas
1341 830 1531 864 saetarum:
1565 836 1619 865 est
1642 831 1799 877 optimus

11 913 14 917 ,
52 895 220 926 ioamicus
249 896 349 921 meus
379 889 415 919 et
445 884 592 919 intimus
623 883 730 919 L'lrici
760 883 928 918 Hutteni:
975 883 1082 918 credo
1114 884 1221 918 etiam
1252 884 1369 931 ipsum
1402 896 1473 920 non
1505 885 1621 920 nullas
1653 879 1798 934 (30111110-

92 944 202 980 suisse
232 940 403 989 epistolas
434 940 671 975 obscurorum
701 939 878 978 virorum,
911 938 964 974 vel
998 938 1123 973 saltem
1156 951 1226 973 mm
1258 939 1416 975 abfuisse
1446 940 1573 988 longe..
1605 942 1799 977 (1111111100-

89 999 191 1036 nullae
220 1007 340 1033 earum
373 1001 455 1031 sunt
485 996 707 1043 compositae.
769 995 844 1042 ipse
877 1006 1019 1042 semper
1049 995 1133 1029 mihi
1164 996 1403 1031 communicat
1434 1008 1522 1031 nova
1559 998 1601 1032 de
1632 998 1695 1033 hac
1727 1010 1799 1033 ma-

88 1055 193 1094 teria,
225 1053 366 1100 quando
398 1063 437 1087 ea
469 1052 586 1087 habet.
645 1051 719 1098 Ego
742 1050 857 1085 literis
879 1051 1052 1098 proximis
1074 1051 1280 1098 scripserim
1302 1052 1343 1087 ad
1366 1058 1399 1087 te
1422 1064 1493 1087 non
1516 1065 1572 1089 ine
1594 1054 1797 1101 intelligere

89 1110 261 1159 quomodo
293 1107 460 1144 incideris
493 1109 527 1143 in
559 1107 659 1143 illuni
689 1107 849 1142 libellum
883 1107 1141 1146 obscurorum,
1175 1108 1256 1155 quia
1278 1113 1363 1144 tunc
1385 1121 1456 1144 non
1479 1109 1550 1156 legi
1573 1110 1641 1145 nisi
1663 1110 1689 1145 11
1713 1123 1798 1157 qua-

51 1167 268 1204 isterniones
289 1165 331 1200 de
362 1164 421 1199 illa
453 1164 622 1203 materia;
654 1169 688 1199 at
719 1169 865 1211 postera
895 1163 951 1199 die
982 1175 1061 1199 eum
1092 1163 1245 1199 ulterius
1277 1164 1368 1211 legi,
1401 1165 1490 1200 hene
1521 1165 1679 1201 intellexi
1702 1168 1796 1214 quod

86 1235 155 1260 non
185 1221 349 1268 vituperii
379 1233 522 1259 caussa,
568 1220 628 1255 sed
660 1225 699 1255 ut
730 1219 948 1266 significaret
979 1219 1252 1255 Reuclilinistas.
1313 1221 1353 1256 Et
1395 1221 1454 1257 ille
1493 1222 1687 1259 lluttenus.
1736 1224 1796 1270 qui

87 1280 178 1315 forte
206 1282 332 1313 auctor
361 1281 416 1311 est
447 1276 498 1312 vel
531 1277 676 1311 maioris
708 1276 821 1323 partis
853 1275 949 1310 illius
980 1275 1090 1311 libelli
1123 1288 1186 1311 sen
1215 1277 1469 1324 epistolarum.
1503 1279 1651 1326 ipsemet
1676 1290 1724 1318 se,
1757 1285 1795 1314 ut

86 1335 223 1373 scribit,
269 1334 437 1371 inseruit,
484 1333 550 1367 sihi
592 1333 658 1380 ipsi
699 1331 901 1379 obloquens
934 1332 1035 1378 quasi
1067 1333 1112 1367 sit
1144 1344 1294 1379 magnus
1327 1334 1493 1369 trutl'ator
1523 1346 1585 1369 seu
1621 1335 1793 1373 bestialis.

85 1396 124 1427 ut
153 1391 245 1426 forte
276 1389 424 1424 evitaret
456 1389 696 1436 suspicionem
728 1384 899 1423 auctoris]
960 1388 1034 1434 Ego
1081 1400 1152 1423 non
1193 1390 1280 1423 satis
1320 1402 1467 1437 possum
1509 1392 1630 1426 mirari
1669 1391 1711 1426 sle
1743 1392 1795 1426 in-

43 1447 196 1495 2⁰geniis
226 1446 425 1482 hominum.
459 1457 563 1493 quam
594 1445 713 1492 arguti
744 1445 950 1491 vituperent
981 1444 1081 1479 illum
1103 1445 1303 1485 Ortwiuum
1335 1452 1370 1481 et
1402 1446 1513 1482 malos
1547 1447 1736 1494 theologos
1759 1453 1795 1483 et

84 1507 225 1539 artistas
255 1507 321 1537 etc.

14 84 18 178 !

13 216 17 257 Ι

13 261 17 419 ἒ
90 328 94 331 ·
117 322 331 348 BAMBERGAE-
911 298 970 345 L.
1502 317 1546 342 27.
1567 320 1689 342 APRIL.
1711 316 1787 341 1517.

11 616 15 646 l

471 1601 513 1630 L.
546 1600 753 1630 Heumann.
783 1599 912 1630 (Indic.
932 1598 1022 1629 bibl.
1041 1599 1089 1630 n0.
1106 1599 1175 1629 705
1202 1612 1234 1641 p.
1251 1601 1326 1631 255.
1343 1611 1394 1642 sq.

104 1823 284 1845 BONONIAE.
891 1802 974 1849 LI.
1526 1821 1570 1845 25.
1591 1825 1668 1846 MAI.
1691 1821 1767 1846 1:317.

9 919 17 1216 i

351 1905 574 1941 BILIBALDO
604 1905 901 1943 PIRKHEIMERO
931 1906 1132 1942 PATthxlo
1170 1906 1517 1943 NORIMBERGENSI

41 1967 180 2000 ²⁵v1130
209 1972 338 1998 rom-1
369 1973 422 1998 ET
454 1973 498 1998 IN
531 1972 700 1998 LITERIS
733 1974 958 2000 ABsoLvTo
990 1973 1125 1999 AMICO
1157 1974 1271 1999 BONO
1296 1974 1349 1999 Ac
1379 1975 1568 2001 INTEGRO
1596 1976 1791 2002 SALVTEM

679 2028 800 2059 TVVS
826 2028 1186 2060 REVCHLINISTA

543 2082 786 2122 VLRICHVS
817 2084 881 2122 DE
911 2084 1113 2122 HVTTEN
1148 2084 1319 2129 EQVES.

186 2173 242 2212 Ne
272 2173 341 2211 tihi
371 2173 410 2210 in
442 2173 567 2211 officio
599 2173 738 2211 cedere
769 2174 916 2219 videar,
965 2174 1295 2225 quemadmodum
1333 2180 1375 2213 tu
1414 2177 1554 2221 feristi,
1601 2177 1788 2216 Bilibalde
1807 2187 1869 2217 §.¹-

79 2239 277 2285 fidissimc,
310 2253 397 2278 cuni
429 2240 544 2279 hodie
577 2245 680 2278 tuan]
713 2241 913 2291 epistolam
945 2243 1180 2292 acceperim,
1220 2242 1335 2281 hodic
1372 2244 1604 2293 respondeo.
1666 2245 1722 2282 Dii
1755 2251 1790 2283 te

40 2307 171 2346 :mmihi
199 2312 368 2352 servent,
400 2320 491 2346 vere
521 2308 663 2346 amice:
695 2309 746 2346 ita
775 2311 1001 2359 tempestive
1028 2310 1247 2348 necessaria
1267 2309 1325 2348 de
1346 2322 1388 2348 re
1412 2311 1632 2349 certiorem-
1649 2312 1787 2349 fecisti:

79 2373 199 2413 dicam
229 2375 329 2414 enim
359 2379 402 2413 ut
432 2380 508 2413 est:
536 2380 579 2413 tu
608 2376 758 2425 primus
789 2378 992 2422 monuisti,
1031 2382 1074 2416 tu
1105 2378 1216 2415 amici
1248 2389 1381 2415 euram
1413 2378 1574 2427 gessisti.
1616 2378 1718 2428 quod
1749 2383 1792 2416 ut

80 2441 234 2491 posthac
263 2443 355 2481 item
385 2442 520 2487 facias,
561 2443 658 2481 mire
690 2443 813 2482 velim.
864 2445 941 2483 iam
973 2445 1075 2483 enim
1106 2445 1196 2482 satis
1228 2456 1311 2482 esse
1342 2449 1458 2494 puto,
1496 2445 1622 2495 siquid
1654 2445 1723 2483 ahs
1753 2450 1790 2483 te

78 2563 137 2596 LI.
177 2564 400 2598 1=Pirekh.
413 2565 505 2607 Opp.
517 2566 647 2606 (Indic.
659 2565 749 2597 bibl.
765 2566 814 2597 n0.
828 2565 896 2607 59.)
915 2578 949 2608 p.
960 2566 1036 2598 264.
1108 2567 1416 2608 2=KVagenseiL
1427 2567 1476 2598 n⁰.
1489 2578 1572 2598 xm.
1583 2579 1615 2609 p.
1626 2567 1788 2600 98...100.

237 2620 257 2653 3
271 2633 318 2649 =
332 2622 437 2653 Hutt.
452 2622 599 2653 Miinch.
615 2622 663 2653 ΙΙ.
683 2633 716 2663 p.
728 2621 912 2653 345...347.
941 2622 996 2653 Cf.
1022 2623 1133 2653 etiam
1146 2622 1373 2654 Burckhard.
1393 2624 1421 2654 Ι.
1441 2634 1474 2664 p.
1490 2622 1561 2654 158.
1573 2633 1624 2663 sq.

163 2709 190 2731 ¹³
215 2710 460 2753 scripserim]‘?
477 2712 621 2754 scripsi.
648 2712 766 2744 Bonus
783 2712 976 2744 Belzm'mz'us
994 2713 1173 2745 Bohemz'ee
1191 2713 1349 2745 Latinum
1373 2716 1453 2755 agyz't.
1497 2714 1672 2755 quomodo
1698 2715 1788 2745 inci-

81 2765 173 2798 deris
196 2767 234 2799 in
258 2767 359 2799 illum
383 2767 548 2799 libellum
574 2769 655 2799 (licit
676 2779 743 2809 pro
770 2778 833 2800 cur
857 2769 911 2800 tui
936 2769 974 2799 in
999 2768 1062 2800 illo
1087 2768 1151 2800 lib.
1178 2771 1315 2801 mentio
1340 2770 1442 2801 facta
1461 2770 1510 2801 sit
1535 2774 1567 2801 et
1580 2772 1683 2810 paulo
1697 2774 1788 2810 post,

78 2820 132 2853 ubi
152 2822 380 2865 significaret
403 2825 557 2864 scripsit,
584 2824 703 2855 oblitus
729 2828 779 2855 est
803 2835 868 2856 non
888 2826 1092 2865 prum-cdere
1117 2836 1232 2857 nomen
1265 2830 1402 2857 auctor.
1450 2828 1549 2857 voluit
1580 2829 1619 2856 ut
1651 2826 1788 2867 signifi-

80 2882 245 2911 carentur
274 2879 539 2911 Reuehlinistae
570 2881 638 2911 sive
665 2884 747 2921 post
771 2880 1046 2912 Reuchlinistas
1078 2883 1215 2913 adicere
1247 2881 1406 2919 debebat,
1448 2886 1482 2912 ut
1511 2891 1576 2922 pro
1607 2892 1666 2913 suo
1697 2892 1788 2913 more

79 2932 197 2966 Latine
221 2935 415 2972 balbutiret,
441 2938 478 2967 te
504 2936 702 2967 inseruerit
725 2939 864 2968 auctor.
963 2935 990 2957 ¹3
1015 2936 1182 2979 inseruit]
1210 2937 1266 2969 Cf.
1284 2938 1376 2979 Epp.
1393 2937 1490 2969 obsc.
1508 2938 1616 2970 viror.
1635 2941 1728 2979 part.
1739 2938 1786 2969 11.

81 2996 134 3030 ep.
151 2989 320 3032 Magistri
336 2990 517 3031 Sylvestri
535 2990 647 3023 Grisii
667 2991 711 3023 ad
732 2991 775 3023 O.
795 2991 973 3024 Gratium.

164 3043 193 3064 ²⁵
219 3048 337 3078 animo
354 3048 384 3077 4.
