2078 3469
105 243 292 277 CLXXVI.
321 252 447 274 TETTL.
467 252 515 274 AD
533 252 614 275 ALB.
635 253 721 275 MOG.
740 254 795 275 ΕΡ.
825 244 1033 276 CLXXVII.
1061 254 1195 276 MELAN.
1214 255 1261 276 AD
1281 255 1428 277 SPALAT.
1448 256 1503 278 ΕΡ.
1523 257 1556 278 D.
1578 251 1654 277 1520.
1706 235 1795 282 361

106 358 205 395 tifieis
236 357 392 392 famosos
423 356 582 397 libellos,
625 370 704 393 cum
742 358 1033 394 reverendissima
1075 364 1107 395 et
1148 358 1385 396 illustrissima
1417 361 1657 397 dominatione
1687 367 1803 397 vesu-a

103 413 350 452 commentari,
383 414 582 459 praesertim
607 414 702 460 quod
724 414 946 449 familiaritas
968 415 1113 450 Hutteni
1147 417 1205 462 qui
1239 418 1540 453 reverendissimae
1571 423 1603 453 et
1637 418 1804 453 illustris-

104 471 198 506 simae
219 467 450 503 dominationi
475 474 600 503 vestra]
623 481 764 517 semper
790 471 922 505 curiam
953 472 1082 506 dicitur
1113 478 1275 511 secutus,
1309 478 1343 507 et
1374 473 1490 513 locus,
1525 474 1557 508 in
1592 486 1662 520 quo
1693 473 1804 509 libelli

104 524 326 572 impressioni
357 523 427 558 dati
461 524 621 563 suerunt,
654 526 776 560 civitas
806 526 942 561 scilicet
964 527 1188 571 Mogunfina,
1222 529 1402 563 nonnullis
1433 530 1465 563 iu
1488 530 1579 564 1?er
1602 541 1671 564 uon
1693 529 1804 565 levem

75 585 225 618 scontra
256 579 583 614 reverendissimam
615 586 650 615 et
681 580 957 616 illustrissimam
989 583 1266 618 dominationem
1296 590 1446 619 vestram
1479 585 1714 631 suspitionem
1745 597 1805 632 pe-

102 635 269 685 pererint.
330 635 430 681 Apud
463 635 611 669 eundem
642 636 823 671 dominum
855 637 1106 683 l‘lieronyuuuu
1140 639 1172 673 iu
1206 641 1468 675 excusationem
1501 641 1804 676 revsurmlissiune

103 698 137 729 et
166 690 416 726 illustrissimae
447 691 699 726 dominationis
731 697 858 726 vestra*
899 693 1018 727 multis
1055 694 1170 728 verbis
1201 695 1276 741 egi.
1316 696 1467 741 prinuun
1501 697 1594 742 quod
1626 697 1804 731 lluttenus

101 748 231 785 curiam
263 746 567 781 reverendissimae
599 752 633 781 et
665 747 916 783 illustrlssimie
947 749 1200 784 dominationis
1233 756 1358 785 vestrae
1389 763 1458 785 non
1482 757 1711 797 seae‘pieretur,
1745 764 1805 787 ne-

103 815 169 851 que
200 813 265 850 pro
298 801 461 836 familiari
494 801 536 836 ab
568 802 688 837 eadem
720 803 861 838 habitus
894 804 1021 842 suerit:
1067 805 1193 840 deinde
1226 806 1319 852 quod
1351 806 1493 841 libellus
1526 807 1584 841 ille
1613 808 1804 853 Moguntiae

35 858 232 907 ‘topi-zeter
270 857 487 892 voluntatem
528 869 590 892 seu
633 857 814 893 scientiam
855 860 1157 895 reverendissinne
1195 866 1229 895 et
1270 861 1521 897 illustrissimae
1552 863 1804 897 dmninatiouis

101 920 225 950 vestrae
256 913 381 948 formis
412 925 602 960 expressus
635 914 760 953 suerit,
793 914 847 949 vel
878 926 920 949 eo
952 915 1100 949 maxime
1131 916 1257 951 couiici
1290 917 1423 963 possit,
1458 918 1551 963 quod
1584 919 1805 953 reverendis-

101 971 186 1006 sima
223 974 258 1004 et
294 969 535 1018 illustrissima
573 970 769 1005 dominatio
810 976 925 1005 vestra
965 971 998 1004 in
1039 976 1115 1005 tota
1147 971 1330 1006 Germania
1370 973 1493 1007 unicus
1533 985 1673 1020 semper
1712 974 1804 1008 sedis

101 1024 308 1073 apostolicae
329 1024 476 1071 clypeus
509 1025 636 1064 suerit,
670 1026 819 1072 eiusque
851 1025 1070 1064 libertatem,
1103 1026 1332 1072 dignitatem,
1368 1028 1541 1062 honorem
1574 1034 1679 1075 atque
1711 1041 1806 1063 com-

99 1081 240 1117 modum
273 1081 416 1116 sortiter
447 1086 481 1115 et
512 1081 803 1116 constantissime
835 1093 975 1128 semper
996 1082 1189 1116 asseruerit
1214 1087 1398 1129 tutataque
1422 1084 1547 1122 fuerit,
1578 1089 1630 1122 et.
1662 1090 1699 1119 ut
1722 1084 1806 1118 milii

60 1137 300 1176 15videbatur‚
341 1137 426 1171 satis
458 1137 523 1171 sihi
556 1137 737 1172 excusatio
769 1137 942 1185 eiusmodi
974 1137 1170 1184 probabilis
1207 1144 1239 1173 et
1281 1139 1502 1173 rationabilis
1540 1152 1605 1186 pro
1644 1151 1807 1175 reveren-

101 1193 243 1229 dissima
282 1197 316 1227 et
354 1192 597 1228 illustrissima
634 1193 877 1228 dominatione
917 1199 1033 1228 vestra
1063 1194 1266 1229 videbatur:
1309 1194 1543 1237 Quamobrem
1577 1208 1695 1241 opera}
1727 1208 1807 1242 pre-

102 1249 186 1285 tium
217 1249 293 1283 fore
326 1260 402 1283 sum
434 1254 549 1288 ratus,
583 1254 816 1295 posteaquam
849 1255 1009 1295 tempore
1040 1249 1159 1296 aliquo
1192 1250 1266 1296 ipse
1298 1251 1387 1297 apud
1420 1244 1749 1286 reverendissimam
1772 1257 1807 1286 et

11 1302 17 1387 ἱ
100 1304 376 1349 illustrissimam
407 1305 686 1339 dominationem
718 1311 870 1339 vesu-aui
903 1305 1007 1340 fuerit
1041 1311 1298 1344 commoratus,
1332 1312 1369 1340 ut
1393 1307 1496 1341 etiam
1530 1307 1570 1341 ad
1603 1307 1806 1353 pontificem

99 1371 163 1408 pro
203 1360 361 1395 uberiori
401 1361 600 1396 sanctitatis
640 1372 711 1395 sua}
750 1361 994 1395 satisfactione
1034 1366 1068 1395 et
1108 1362 1331 1406 mitigatione
1373 1367 1403 1396 et
1438 1363 1741 1397 reverendissimze
1772 1368 1807 1398 et

57 1415 351 1451 20illustrissimae
381 1416 635 1451 dominationis
667 1422 792 1451 vestrfe
825 1417 1050 1452 excusatione
1082 1416 1203 1452 literas
1235 1417 1443 1464 perscribat.
1502 1418 1548 1453 De
1581 1430 1646 1465 qua
1685 1430 1721 1453 re
1754 1430 1807 1453 re-

99 1472 385 1507 verendissimam
418 1478 452 1507 et
484 1472 763 1507 illustrissimam
794 1473 1073 1508 dominationem
1103 1479 1255 1508 vesu-am
1287 1474 1514 1509 admonuisse
1546 1480 1597 1508 sat
1631 1475 1718 1513 erit,
1750 1475 1807 1509 cui

101 1539 152 1563 me
183 1527 377 1563 humillime
410 1534 444 1563 et
476 1528 735 1563 officiosissime
767 1529 986 1564 commendo.
1046 1529 1119 1564 Dat.
1150 1529 1278 1569 Rome,
1311 1530 1366 1565 die
1399 1530 1521 1576 quinta
1553 1530 1684 1565 mensis
1716 1530 1805 1564 Iulii.

98 1586 198 1619 Anno
232 1588 331 1621 1520.

119 1650 122 1652 ·
297 1639 333 1674 Ε.
365 1639 458 1675 Rmae
494 1645 528 1675 et
558 1639 667 1675 Illmfe

57 1698 88 1724 25
634 1696 670 1730 D.
703 1696 740 1729 V.

633 1751 776 1786 humilis

634 1807 844 1854 Capessanus

1399 1632 1425 1645 θ

928 1862 1136 1898 Valentinus
1168 1864 1209 1898 de
1242 1863 1434 1899 Tetelelien
1464 1864 1606 1899 Doctor.

182 1919 277 1954 Rmae
310 1919 345 1953 iu
376 1919 452 1966 Xpo
484 1919 578 1965 patri
611 1917 643 1954 Sc
674 1918 774 1953 Illmo
818 1919 970 1965 principi
1009 1924 1043 1954 et
1075 1919 1148 1953 Dno
1180 1919 1253 1953 Dno
1285 1919 1433 1954 Allierto
1467 1920 1506 1955 tt'
1539 1919 1656 1955 Sancti
1688 1920 1809 1954 Griso-

11 1954 17 2009 i
55 1976 88 2004 :30
182 1975 269 2021 goni
291 1974 323 2010 S.
348 1975 409 2010 Ro.
433 1974 514 2010 Eel'.
537 1974 703 2010 Presbro.
756 1974 930 2009 Cardinali
954 1974 1150 2009 Germaniae
1172 1975 1319 2010 Primati
1343 1973 1375 2010 ἃ
1398 1976 1494 2011 Sacri
1516 1975 1614 2011 Rom.
1667 1975 1808 2022 Imperii

180 2030 337 2078 Principi
368 2029 524 2066 Electori
556 2029 588 2066 Sa
619 2030 766 2066 Domino
798 2042 877 2065 meo
910 2030 1244 2066 ohservamlissimo.

121 2227 410 2249 WITTENBERGAE.
802 2205 1106 2254 CLXXVII.
1396 2227 1484 2249 POST
1503 2229 1539 2248 Μ.
1560 2228 1634 2249 lvx.
1654 2228 1686 2249 Α.
1708 2224 1783 2249 1520.

809 2309 971 2335 ΟΡΤῙΜΟ
1004 2309 1105 2335 VIRO

590 2361 780 2393 DOMINO
808 2362 1025 2394 GEORGIO
1053 2362 1321 2398 SPALATINO

57 2424 90 2451 35
654 2420 855 2445 PATRONO
890 2421 968 2446 svo
1003 2422 1055 2446 Ac
1088 2420 1255 2445 DOMINO

614 2474 857 2525 [PHILIPPVS
887 2476 1212 2512 MELANCHTHON
1243 2472 1296 2524 S]

210 2566 328 2606 Salve,
369 2566 415 2601 mi
452 2566 634 2601 carissime
673 2565 854 2612 Spalatine
887 2593 1143 2599 .........
1204 2565 1304 2599 Mitto
1336 2564 1548 2600 Erasmicam
1580 2570 1615 2600 et
1646 2565 1809 2601 llutteni-

99 2634 173 2659 eam
213 2622 402 2672 epistolas,
445 2628 483 2656 ut
514 2621 641 2656 videas.
705 2621 807 2655 Vides
845 2622 887 2655 de
926 2621 1076 2655 Martino
1115 2621 1265 2655 alterum
1304 2620 1401 2655 orbis
1440 2621 1613 2660 universi,
1655 2621 1806 2657 alterum

102 2721 308 2753 CLXXVII.
337 2721 474 2761 Corpus
491 2715 782 2750 Reformatorum
802 2718 1160 2750 ed.Bretschneider.
1187 2717 1265 2748 Vol.
1285 2718 1312 2748 Ι.
1332 2718 1416 2748 Hal.
1438 2717 1532 2749 1834.
1551 2718 1597 2749 4⁰.
1616 2729 1648 2759 p.
1668 2717 1807 2760 262.sq.

350 2787 384 2807 n.
404 2774 458 2806 87.
487 2774 582 2814 (‚‚Ex
609 2774 837 2822 autographo
863 2775 899 2805 in
926 2773 1010 2805 Cod.
1038 2773 1152 2804 Basil.
1178 2774 1218 2804 F.
1240 2773 1313 2804 lOl.
1336 2774 1440 2814 epist.
1461 2772 1555 2806 2²5st)

188 2865 201 2885 ⁹
226 2857 373 2898 libellus
399 2862 475 2905 ille]
504 2863 643 2905 dialogi
659 2863 822 2894 Fortuna
848 2867 930 2900 eta,
958 2874 1003 2894 ea}
1029 2863 1143 2904 quibas
1168 2863 1274 2894 Trias
1292 2863 1457 2893 Romana
1475 2863 1734 2895 Romamn-sibus
1751 2866 1807 2895 mi-

102 2923 182 2953 nime
202 2924 342 2962 plaeere
366 2925 484 2961 potnit.
562 2917 589 2937 ²⁹
614 2917 669 2959 tt']
697 2921 718 2950 ἱ.
739 2929 767 2949 e.
786 2921 875 2950 tituli
905 2919 950 2949 H.
973 2920 1112 2949 Gercles.

187 2976 217 2996 ³⁷
243 2977 399 3007 Hutteni
433 2976 477 3006 ad
502 2974 702 3006 Lutlierum
729 2973 761 3004 d.
782 2974 813 3004 4.
834 2974 912 3004 Iun.
941 2974 1116 3015 scriptam
1143 2984 1197 3015 ep.
1219 2984 1324 3014 quam
1351 2983 1460 3014 supra
1486 2985 1518 3014 p.
1539 2974 1614 3005 355.
1636 2985 1687 3015 sq.
1709 2975 1807 3006 exhi-

100 3032 250 3069 buimus,
270 3032 359 3064 vult.
385 3031 613 3063 Erasmicam
633 3033 755 3061 autem
775 3029 820 3060 ad
837 3029 1025 3061 Albertum
1038 3030 1134 3071 Mog.
1158 3029 1333 3060 ‘nonnihil
1346 3030 1390 3060 D.
1406 3030 1556 3061 Martini
1574 3029 1727 3061 Lutheri
1746 3041 1806 3061 ne-

101 3089 251 3130 goeium'
279 3089 538 3130 attingentem,
566 3086 709 3117 Lovani
736 3082 859 3117 Calefi.
878 3085 968 3117 Nov.
989 3095 1023 3117 a.
1043 3084 1139 3117 1519.
1167 3086 1359 3127 scriptam,
1390 3096 1422 3117 a.
1444 3084 1541 3117 1520.
1566 3084 1803 3128 publicatam.
