2078 3469
250 188 293 219 X.
327 195 500 218 macrum
520 193 675 216 VAD1AN1
700 194 748 216 AD
767 195 900 216 unone..
921 194 1195 218 TANNSTETTER.
1216 197 1271 218 ΕΡ.
1292 197 1326 217 1).
1362 191 1404 218 12.
1424 196 1500 218 mn.
1521 190 1599 217 1512.
1732 177 1794 221 23

8 236 12 260 l

7 261 11 280 Ι

6 295 10 365 l
81 305 220 343 videor.
251 300 384 348 ingenii
411 299 644 336 soecunditate
666 299 815 340 nobilis,
855 311 960 347 quam
981 301 1156 337 maiorum
1178 301 1391 338 claritudine
1412 314 1452 339 ac
1473 303 1605 349 insigni
1627 304 1797 351 prosapia

81 361 328 407 samigeratus;
358 356 418 403 qui
441 368 479 391 ea
502 356 577 391 fere
598 356 738 392 ratione
759 368 825 392 nos
847 362 883 392 et
904 357 1072 397 accessit,
1105 363 1140 394 et
1161 371 1179 393 a
1201 358 1305 394 nobis
1327 364 1494 407 acceptus
1516 365 1591 400 est,
1623 371 1691 407 qua
1712 371 1797 395 con-

4 377 9 485 Ι
80 416 219 454 stantiae
240 419 275 450 et
295 412 518 448 fortitudinis
540 412 721 459 exemplar
742 412 870 460 Ulyxes
892 410 962 452 ille,
985 413 1066 449 dum
1087 415 1206 450 ‘terris
1227 415 1379 451 iactatus
1401 421 1437 451 et
1458 415 1531 451 alto
1553 416 1592 451 vi
1615 416 1794 464 superum*

81 477 163 522 post
190 471 371 518 ingentem
399 468 494 503 illam
522 468 661 504 Alcinoi
689 469 876 504 Phaeacum
906 469 1003 516 regis
1032 471 1290 507 humanitatem
1318 472 1470 519 patriam
1498 478 1626 520 petens
1658 472 1700 508 ad
1731 484 1793 510 eos

2 497 7 584 Ι
54 528 191 568 5venit‚
220 525 429 574 quibuscum
450 525 612 571 pristinae
635 524 765 571 quietis
787 524 854 560 sibi
876 524 1040 572 voluptas
1062 528 1222 563 accessit.
1258 527 1343 563 Cum
1366 529 1458 564 enim
1479 528 1533 563 vel
1556 529 1667 576 prima
1689 533 1795 565 nocte
1808 538 1866 569 §.z

2 593 6 623 1
81 597 148 633 qua
167 583 257 619 lares
278 586 424 616 nostros
447 581 632 627 ingressus
654 586 727 620 est,
756 580 963 627 petentibus
984 582 1089 617 nobis
1112 583 1235 619 ordine
1264 591 1464 625 narrasset,
1501 597 1605 632 quam
1636 586 1796 632 peregri-

78 640 174 677 natio
194 650 256 674 sua
278 637 482 684 experiendi
510 636 625 683 gratia
658 637 824 672 instituta
845 638 1014 673 {erumnis
1035 639 1170 674 referta
1191 640 1318 679 suerit,
1343 652 1520 687 quamque
1538 641 1573 676 in
1587 642 1795 677 Germanico

0 626 5 790 ³
79 696 181 734 etiam
202 705 334 730 oceano
357 693 452 740 quod
473 693 615 739 attigit,
648 692 832 740 Scyllaezun
853 693 989 729 rabiem
1017 700 1187 742 expertus
1209 696 1250 731 ad
1272 697 1432 743 proxima
1462 697 1586 732 littora
1616 698 1651 732 in
1673 697 1796 745 Cyclo-

77 764 159 801 pum
180 762 303 786 manus
324 749 506 788 inciderit,
539 760 630 796 quos
651 749 805 796 primum
828 748 983 798 (mirum)
1006 744 1138 787 amicos
1160 752 1326 787 habuisse
1350 752 1483 792 aiebat,
1520 753 1601 788 dein
1622 765 1706 789 vero
1738 766 1796 789 ur-

0 798 3 867 )
36 813 183 856 tegente
210 808 283 842 fato
318 817 397 841 etun
426 805 495 840 iter
524 804 593 840 alio
626 806 864 845 instituisset,
902 805 1026 842 surore
1064 814 1253 855 correptos
1283 814 1414 855 prseter
1441 809 1547 844 vitam
1579 810 1695 845 onmia
1727 810 1792 845 sibi

0 869 2 922 J
30 878 35 882 ’
77 863 266 912 eripuisse,
303 873 407 908 quam
429 867 464 896 et
486 862 597 908 ipsam
618 862 765 909 petitam
789 874 868 897 esse
888 862 1072 899 cicatrices
1096 876 1183 910 quas
1212 864 1335 903 nobis,
1369 865 1450 899 dum
1480 865 1594 900 iretur
1622 865 1791 904 cubitum,

77 919 247 958 ostendit,
270 919 356 953 satis
378 922 606 953 attestantur.
637 917 764 953 deinde
786 919 1081 964 quemadmodum
1103 920 1234 956 circum
1257 933 1297 955 ca
1317 919 1396 955 loca
1424 932 1439 954 a
1463 920 1614 967 Calypso
1644 922 1793 968 quadam
1809 930 1866 961 §.3,

0 970 1 977 ¹
76 981 260 1023 exceptus,
284 975 379 1010 fotus
402 979 436 1009 et
457 979 603 1010 curatus
625 985 761 1008 summa
782 986 861 1009 cum
883 974 1067 1021 diligentia
1090 976 1210 1011 l'uerit.
1252 988 1378 1011 rursus
1400 988 1505 1015 velo,
1529 977 1704 1012 Mercurio
1727 990 1792 1013 suo
1807 991 1865 1021 §a

75 1026 123 1068 ita
150 1031 357 1078 instigante,
388 1042 452 1077 per
473 1030 631 1065 saltuosa
652 1030 828 1065 Boliemia·
850 1037 1090 1078 pannosuset
1118 1032 1306 1079 naufragio
1337 1032 1519 1079 squallens
1549 1033 1583 1067 in
1604 1033 1792 1068 Moravialn

36 1088 171 1124 ¹5illam
193 1086 378 1122 fertilitate
396 1088 559 1134 Corcyrze
580 1086 656 1121 fere
676 1098 799 1134 parem
822 1092 860 1121 ut
881 1099 965 1122 casu
982 1089 1135 1128 senerit,
1159 1088 1279 1135 ibique
1301 1089 1343 1124 ad
1361 1088 1575 1130 Stanislauin
1594 1089 1791 1125 Tursonem

75 1145 279 1192 episcopum
300 1142 582 1181 Olomncensem,
605 1143 849 1178 studiosorum
872 1149 905 1178 et
929 1144 1044 1179 Musas
1066 1145 1261 1180 colentium
1283 1145 1469 1180 Alcinoum
1491 1145 1791 1187 liberalissimum,

73 1201 243 1237 deductus
265 1198 391 1239 suerit,
414 1211 487 1234 non
510 1199 652 1246 quidem
674 1199 894 1239 aNausieaa,
919 1212 996 1247 quae
1019 1201 1090 1237 illic
1113 1201 1209 1236 nulla
1233 1208 1320 1241 erat,
1344 1202 1405 1237 sed
1427 1201 1470 1237 ab
1486 1201 1649 1237 Ecbeneo
1671 1202 1793 1242 heroe,

73 1257 140 1292 hoc
159 1261 214 1292 est
234 1256 435 1303 Augustino
456 1255 612 1295 Morare,
638 1256 698 1302 qui
721 1268 855 1291 summa
879 1257 1082 1293 eruditione
1104 1263 1139 1293 et
1161 1258 1351 1305 [ιι-1111011113
1374 1258 1426 1293 vir
1448 1258 1606 1293 lluttcno
1628 1258 1792 1306 appulso,

74 1325 152 1349 cum
172 1312 353 1360 ingenium
375 1312 490 1352 novit,
514 1324 555 1347 ex
578 1312 696 1347 officio
720 1318 773 1348 cst
795 1313 1060 1360 patrocinatus,
1085 1314 1381 1361 quemadmodum
1404 1314 1587 1350 lietu-neus
1610 1315 1702 1361 apud
1724 1315 1793 1349 llo-

29 1378 61 1404 20
74 1375 206 1405 nier'um
236 1369 271 1403 in
300 1368 413 1403 Odiss.
443 1372 474 1406 7.
498 1368 658 1416 I‘lysseln
693 1369 924 1416 peregrinum
956 1370 990 1405 in
1013 1370 1151 1406 Alcinoi
1181 1382 1268 1406 auro
1300 1371 1524 1417 geminisque
1552 1370 1790 1407 lucescentem

72 1425 184 1461 aulam
201 1425 347 1464 induxit,
371 1424 513 1460 minime
531 1437 656 1473 passus
678 1425 720 1460 ad
743 1426 861 1461 focum
882 1438 961 1461 eum
985 1427 1018 1461 in
1040 1427 1158 1463 cinere
1182 1427 1344 1462 ultimum
1367 1427 1502 1461 sedere.
1543 1439 1599 1463 cui
1620 1428 1791 1474 episcopo
1807 1438 1863 1469 §.72

72 1493 174 1529 quam
190 1487 305 1529 grata
328 1481 434 1517 suerit
457 1481 603 1516 llutteni
624 1483 833 1529 praesentia,
864 1488 1001 1518 certum
1024 1483 1198 1519 faciebant
1223 1489 1259 1519 ct
1280 1483 1406 1519 alacris
1435 1483 1597 1530 sonipes,
1633 1496 1737 1530 quein
1759 1485 1789 1518 ei

71 1538 163 1574 dono
185 1538 291 1577 dedit,
315 1543 351 1573 et
373 1537 511 1584 largum
534 1538 721 1573 admodum
744 1538 920 1578 viaticum,
945 1552 1015 1586 quo
1038 1540 1078 1574 ad
1091 1542 1168 1575 'nos
1190 1552 1304 1587 usque
1328 1540 1514 1587 pervenit:
1539 1546 1613 1575 tum
1635 1540 1789 1575 annulus

71 1606 111 1630 ex
131 1607 217 1630 auro
247 1599 282 1629 ot
304 1594 436 1641 insigni
458 1606 614 1639 gentina,
644 1595 686 1629 ab
708 1595 912 1641 Augustino
936 1597 1132 1643 prwposito
1154 1597 1328 1635 donatus,
1363 1608 1466 1643 quein
1490 1608 1624 1631 summa
1657 1596 1790 1630 utrius-

27 1657 59 1682 25
72 1663 137 1698 que
159 1651 261 1686 laude
283 1657 316 1687 et
345 1651 655 1686 commendatione
684 1651 812 1686 crebro
833 1651 947 1698 digito
971 1652 1122 1699 girabat.
1163 1654 1267 1692 (lum,
1291 1653 1454 1699 inquam,
1479 1652 1552 1687 luec
1574 1659 1606 1687 et
1631 1652 1698 1687 alia
1719 1664 1791 1688 me-
1806 1664 1863 1695 §‚s‚·‚

70 1708 180 1742 moria
202 1713 379 1745 versaret,
412 1719 552 1742 manum
576 1708 611 1742 iu
633 1708 749 1742 sinum
772 1708 935 1743 inserens
965 1721 1107 1744 carmen
1137 1709 1379 1757 deprompsit,
1417 1708 1546 1743 solutis
1579 1709 1791 1756 inscriptum

70 1763 263 1803 schedulis,
294 1770 329 1799 et
350 1765 520 1803 Ccnsete,
554 1764 689 1811 inquit.
721 1764 908 1803 virilium,
942 1777 1012 1812 quo
1035 1766 1069 1800 in
1092 1765 1170 1801 loco
1194 1765 1351 1801 habenda
1381 1766 1425 1800 sit
1456 1777 1494 1800 ea
1526 1777 1652 1812 opera,
1686 1777 1790 1811 quam

69 1819 191 1855 diebus
221 1820 411 1868 proximis,
439 1821 596 1856 nondum
620 1820 722 1864 plane
744 1821 829 1855 iniln
852 1820 897 1856 ob
919 1821 1059 1857 itineris
1085 1834 1263 1857 :erumnas
1284 1828 1472 1861 constans,
1511 1822 1545 1856 in
1569 1821 1789 1857 invictissimi

70 1876 215 1912 Caesaris
244 1877 360 1913 nostri
389 1877 596 1912 niemoriain
629 1889 670 1912 ex
700 1877 807 1912 rebus
835 1890 853 1911 a
875 1889 912 1911 se
936 1878 1111 1913 institutis
1133 1879 1319 1925 insumpsi.
1379 1878 1479 1921 Quod
1501 1890 1580 1913 cum
1602 1878 1789 1913 vellicatim
1806 1892 1863 1923 §,7,

26 1940 294 1980 3ocarpe1·emus
324 1932 440 1980 (erant
461 1934 570 1972 enim,
604 1938 639 1968 ut
665 1933 835 1981 Sibyllina
859 1933 963 1973 olim,
997 1934 1079 1969 solia
1103 1934 1296 1982 dispersa),
1329 1934 1461 1982 placuit
1483 1934 1648 1969 omnibus
1672 1934 1790 1969 inven-

71 1993 162 2029 tum,
188 1990 341 2037 dataque
361 1994 415 2024 cst
439 1990 534 2025 illico
557 2001 665 2037 opera
687 1991 763 2026 eius
785 1990 1008 2026 exscribendi
1031 1997 1066 2026 et
1086 1991 1198 2027 libelli
1220 1991 1371 2026 formula
1393 1991 1662 2038 compingendi:
1687 2003 1790 2038 quem
1805 1998 1862 2029 §A

69 2056 200 2093 nuper,
233 2047 317 2082 dum
338 2047 372 2081 in
395 2047 547 2095 patriam
567 2046 655 2081 abiit
675 2047 826 2087 Marius,
859 2059 1001 2083 rursum
1024 2046 1135 2083 visum
1164 2048 1385 2095 deprehendi
1416 2047 1584 2094 risusque
1614 2053 1665 2083 est
1699 2047 1789 2083 relc-

69 2103 166 2149 genti
188 2103 272 2138 milii
294 2103 371 2138 lucc
393 2109 425 2139 et
449 2102 645 2139 multorum
666 2103 820 2140 lectione
842 2104 991 2151 dignus;
1015 2110 1051 2140 et
1072 2104 1223 2140 subinde
1244 2105 1338 2152 apud
1348 2104 1603 2151 Hieronymum
1626 2109 1792 2140 nostrum

155 2267 168 2286 2
193 2269 354 2309 ratione,
381 2267 410 2300 ἃ
437 2269 596 2300 accessit
621 2279 704 2308 nos,
731 2268 761 2300 ἃ.
779 2273 954 2311 acceptus
975 2280 994 2300 a
1013 2269 1118 2300 uobis
1145 2273 1217 2310 est,
1245 2271 1290 2302 B.
1315 2272 1347 2301 3.
1369 2271 1400 2300 4.
1422 2272 1454 2300 5.
1535 2269 1547 2289 ³
1573 2269 1724 2310 t'lysses
1746 2270 1788 2301 Β.

70 2326 102 2355 3.
123 2326 154 2355 4.
225 2323 238 2343 3
263 2335 369 2366 quum
394 2324 472 2367 (pro
497 2325 592 2366 dum)
612 2327 644 2356 4.
665 2328 696 2356 5.
784 2326 921 2367 Vergil.
941 2326 1030 2357 Aen.
1053 2328 1084 2356 1.
1106 2328 1139 2356 3.
1159 2337 1210 2368 sq.
1235 2313 1239 2316 ¹
1283 2325 1295 2345 ¹
1319 2330 1462 2368 peteret
1483 2326 1514 2355 4.
1535 2328 1566 2355 5.
1657 2325 1701 2356 ad
1726 2336 1790 2355 1105

68 2381 111 2412 B.
133 2382 165 2412 3.
186 2381 218 2411 4.
294 2379 307 2400 5
333 2382 467 2422 quietis
490 2381 660 2423 voluptas
686 2382 757 2413 sibi
783 2382 954 2413 accessit.
976 2383 1018 2414 B.
1041 2385 1073 2414 3.
1096 2385 1127 2414 4.
1223 2384 1340 2422 Quum
1360 2384 1393 2413 3.
1415 2384 1446 2413 4.
1468 2385 1498 2412 5.
1520 2386 1551 2412 et
1574 2383 1622 2412 sie
1645 2392 1788 2421 semper.

67 2437 80 2457 ⁷
98 2437 256 2468 erumnis
274 2437 318 2468 B.
397 2438 410 2457 ᾗ
429 2448 533 2479 quem
552 2440 583 2469 4.
604 2441 635 2469 5.
715 2437 888 2479 Scilleam
907 2438 949 2469 B.
1031 2439 1241 2481 Cyclopum,
1262 2441 1327 2470 vult
1343 2439 1549 2470 Las-siarum.
1628 2436 1640 2455 ⁹
1659 2437 1790 2467 deinde

68 2494 112 2525 B.
134 2495 166 2524 3.
187 2495 218 2523 4.
239 2495 270 2523 5.
347 2492 371 2512 ¹¹
407 2494 584 2535 eripuisse
617 2494 688 2525 sibi
706 2494 750 2525 B.
772 2495 804 2524 3.
825 2495 857 2524 4.
938 2494 964 2513 ¹²
996 2495 1093 2526 Dein
1111 2496 1155 2526 A.
1230 2494 1255 2514 ¹²
1281 2495 1381 2526 eirca
1405 2495 1449 2525 B.
1471 2496 1503 2525 3.
1526 2495 1557 2524 4.
1578 2496 1609 2523 5.
1706 2503 1789 2533 quo-

42 2569 46 2572 >
70 2549 153 2580 dam
178 2551 211 2580 3.
233 2550 262 2579 4.
283 2550 314 2580 5.
335 2568 342 2576 -
408 2549 587 2582 Ecbertnm
611 2551 806 2582 Harlemnm
830 2551 871 2581 (le
902 2560 965 2591 quo
991 2551 1063 2581 vide
1095 2561 1202 2592 supra
1221 2562 1258 2591 J).
1279 2549 1330 2581 12.
1351 2549 1381 2581 h.
1401 2552 1422 2581 I.
1455 2551 1647 2591 sz'gsnifieare
1674 2552 1791 2589 potest

70 2606 170 2636 etium
187 2604 345 2646 Calypso
371 2605 562 2645 quaedam.
643 2605 670 2625 ¹³
689 2607 843 2637 Rursum
862 2607 905 2637 B.
919 2607 952 2637 3.
965 2608 996 2637 4.
1009 2609 1039 2637 5.
1120 2604 1147 2625 ¹4
1162 2607 1324 2638 Boemiae
1334 2607 1377 2637 B.
1392 2608 1423 2637 3.
1436 2608 1466 2638 4.
1479 2609 1510 2638 5.
1576 2602 1602 2624 ¹¹
1619 2604 1792 2646 squalens

72 2663 104 2694 4.
125 2664 156 2693 5.
229 2659 256 2680 ¹5
281 2659 438 2700 Corcyre
462 2662 507 2692 A.
594 2662 621 2681 ¹5
646 2663 847 2694 Tursonem
871 2674 936 2694 non
960 2663 1058 2694 habet
1076 2663 1121 2694 Α.
1170 2662 1379 2694 Stanislaus
1405 2663 1433 2695 I.
1462 2661 1791 2705 quadragensimus

71 2717 252 2750 secundus
279 2716 470 2757 episcopus
497 2716 770 2758 Olomuc-ensis,
805 2718 871 2749 sub
899 2729 966 2760 qno
992 2722 1121 2760 postea
1146 2719 1284 2763 Paulus
1310 2718 1486 2760 Speratus
1512 2718 1791 2750 reformatorum

71 2774 275 2806 doctrinam
306 2773 344 2803 in
366 2772 570 2804 Moraviam
603 2775 756 2815 sparsit,
785 2774 808 2813 †
833 2784 866 2805 a.
889 2773 985 2805 1540.
1082 2773 1108 2793 ¹⁶
1132 2773 1334 2815 Alcynoum
1352 2775 1396 2806 B.
1493 2773 1520 2794 ¹⁵
1544 2775 1596 2805 De
1628 2773 1789 2804 canonico

73 2829 278 2862 olomucensi
300 2828 487 2868 Auffltstino
508 2831 611 2869 plara
635 2841 710 2871 quoe
740 2822 874 2869 dicam,
898 2840 963 2861 non
995 2829 1113 2861 liabeo.
1209 2830 1372 2872 adpulso,
1407 2834 1447 2862 vt
1481 2831 1641 2861 animum
1672 2829 1787 2867 novit,

71 2886 115 2917 B.
127 2887 159 2917 3.
172 2887 202 2916 4.
215 2888 246 2916 5.
317 2882 345 2903 ²⁰
362 2884 400 2914 in
417 2883 584 2924 Odyssea
600 2884 767 2925 Vlyssem
784 2886 828 2917 B.
841 2887 874 2916 3.
887 2888 918 2917 4.
939 2889 970 2916 5.
1042 2884 1069 2904 22
1091 2895 1197 2926 quem
1214 2886 1270 2917 illi
1288 2886 1330 2917 B.
1344 2887 1376 2917 3.
1392 2887 1422 2917 4.
1494 2884 1522 2906 ²⁴
1539 2884 1732 2927 Proposito
1742 2884 1786 2916 Α.

71 2941 100 2962 ²⁵
117 2942 284 2984 gyrabat.
298 2942 330 2972 3.
343 2942 374 2972 4.
388 2943 419 2971 5.
491 2939 519 2959 26
537 2939 748 2982 deprol'itA.
834 2941 862 2961 ²⁷
879 2941 919 2981 81,
933 2944 1082 2973 censete
1102 2943 1135 2973 3.
1222 2940 1250 2960 ²⁷
1267 2943 1437 2984 inquiens
1454 2943 1498 2974 B.
1512 2943 1544 2972 3.
1557 2943 1588 2972 4.
1601 2943 1633 2972 5.
1721 2949 1790 2981 quo

71 2997 151 3030 loco
169 2998 212 3030 B.
233 2999 266 3029 3.
279 2999 311 3030 4.
381 2996 409 3017 ²5
434 2995 529 3028 nodi-1
549 2994 554 3039 Ι
575 2996 684 3038 plane
701 2997 791 3029 mihi
808 3009 869 3029 om.
888 2998 932 3029 B.
954 2999 987 3030 3.
1008 2999 1040 3029 4.
1059 3001 1090 3030 5.
1108 3000 1260 3040 pessime.
1332 2998 1360 3018 28
1379 3008 1547 3030 erumnas
1563 2998 1608 3029 B.
1679 2995 1708 3016 ³⁰
1726 2995 1789 3036 Sy—

72 3053 204 3085 billina.
220 3054 265 3086 B.
335 3052 362 3073 ³¹
388 3052 418 3085 &
443 3052 521 3096 (pro
548 3054 617 3094 est)
638 3054 671 3085 3.
742 3052 769 3074 3¹
797 3054 1009 3086 exeribendi
1026 3054 1070 3086 B.
1141 3053 1170 3074 ³²
1189 3054 1267 3086 abit
1284 3054 1328 3086 B.
1350 3056 1382 3086 3.
1454 3054 1484 3075 ³²
1508 3063 1631 3087 rursus
1650 3054 1683 3085 3.
1704 3054 1735 3084 4.
1756 3054 1788 3084 5.
