2078 3469
373 205 501 239 CCIII.
528 216 690 239 HVTTEM
708 218 755 239 AD
774 217 966 241 MARTINVM
985 220 1153 243 BVCERYM
1171 223 1226 243 Ee.
1246 222 1267 244 n
1299 219 1332 246 ‘³5
1366 223 1463 245 surr.
1487 219 1563 245 1:320.
1725 202 1820 248 429

122 320 192 358 cile
231 325 341 370 poles
378 324 540 370 propter
577 319 680 367 regis
719 324 975 358 commeatum
1014 322 1192 361 euntibus
1237 323 1339 362 ultro
1385 326 1557 375 citroque
1594 324 1823 363 vectoribus?

123 398 236 425 cures
265 385 386 424 libros
425 387 489 436 qui
529 386 718 435 compat-ti
748 391 854 428 sunt,
897 388 1071 426 ocissime
1102 389 1354 435 Yormatiam,
1395 404 1491 441 quos
1529 397 1728 429 revertens
1765 391 1825 429 ille

123 455 233 505 Spira
264 454 406 504 possit,
444 464 531 490 cum
562 453 631 489 ista
663 453 788 489 onmia
822 453 1005 497 inveniat,
1047 467 1184 493 curare
1214 456 1290 494 huc
1320 458 1430 500 mihi.
1472 471 1596 508 neque
1627 460 1673 495 sit
1703 471 1822 495 mora.

50 581 57 585 -
122 520 302 560 Habebas
340 520 470 558 neseio
509 522 602 568 quot
633 517 962 568 Conquestionum
999 520 1219 559 Latinarum
1262 523 1512 573 ‹1=x‹·1nplaria‚
1553 537 1636 573 111110
1674 524 1897 562 ‹lit-eluisse.

100 587 231 625 5110110
263 587 310 625 ad
341 599 382 625 se
412 587 588 636 accipere
619 584 850 636 bibliopolas
879 590 1045 629 vest1·0s;
1092 593 1127 625 at
1161 600 1264 626 nunc
1294 595 1453 640 propter
1484 595 1595 627 tantte
1616 593 1827 641 peregrini-

123 656 211 692 tatis
242 655 449 692 adventum
480 653 597 691 eredo
629 652 832 701 diligenter
871 652 1079 691 adcurante
1118 659 1153 691 te
1191 667 1329 703 magna
1368 668 1457 705 pars
1495 656 1644 695 divendi
1675 659 1826 707 poterit.

124 721 317 771 reliquum
356 720 460 770 quod
497 732 610 770 posse
642 719 802 757 distrahi
832 719 1034 769 desperas,
1070 733 1157 758 eum
1186 720 1293 759 libris
1323 722 1553 760 Vormatiam
1585 725 1702 761 mitte.
1761 735 1829 772 age

126 793 273 831 autem,
315 788 346 825 si
386 799 464 824 non
502 786 663 825 habebis
693 790 890 824 ves-torem
928 787 1054 823 statim
1083 786 1316 825 Vormatiam
1348 793 1519 829 euntem.
1561 790 1711 838 Spiram
1742 803 1831 827 vero

126 855 308 898 habebis,
349 855 477 891 mittas
515 853 668 904 Spiram
705 852 826 891 libros
865 853 912 890 ad
952 852 1187 897 Maternum,
1230 856 1293 904 qui
1324 855 1369 892 de
1400 867 1521 905 puero
1553 868 1637 892 meo
1669 857 1737 893 seit
1767 856 1833 893 ubi

55 976 59 977 ⁷
84 931 116 956 10
130 923 188 960 sit.
242 921 318 959 Sed
348 922 380 959 is
410 921 509 959 ultra
541 932 663 959 unum
694 920 796 958 diem
827 920 948 970 Spirae
979 932 1056 957 11011
1088 907 1320 958 morabitur:
1361 922 1433 959 nisi
1464 922 1577 969 igitur
1607 934 1694 959 mox
1726 928 1834 972 potes

128 990 299 1031 mittere,
332 989 458 1038 potius
487 988 645 1043 vident
674 987 909 1025 Vormatiam
938 991 1272 1036 transportentur,
1313 988 1414 1037 quod
1447 988 1684 1025 commodius
1714 989 1833 1026 fieret.

129 1056 440 1106 oportunitatem
471 1059 601 1104 specta
632 1055 669 1091 in
701 1054 760 1092 his
781 1053 973 1092 omuibus.
1034 1054 1138 1091 Mitte
1159 1053 1271 1092 simul
1292 1054 1484 1092 inclusum
1504 1055 1578 1091 tuis
1600 1054 1718 1091 literis
1740 1055 1834 1092 indi·
1852 1062 1909 1094 §.L

130 1135 213 1161 cem
244 1120 377 1161 rerum
408 1127 651 1164 nostrarum,
685 1121 721 1159 id
743 1126 800 1159 est
821 1133 906 1171 quse
928 1126 965 1159 et
985 1126 1078 1172 quot
1099 1112 1330 1170 exemplaria
1353 1123 1564 1171 acceperis,
1597 1126 1639 1158 ut
1669 1121 1838 1159 divendi-

131 1190 245 1233 deris,
270 1202 383 1240 quam
406 1189 747 1227 commutationem
770 1188 929 1232 seceris,
954 1189 1086 1238 quanti
1108 1200 1299 1238 quemque
1321 1188 1461 1226 librum
1485 1189 1635 1231 emeris,
1660 1193 1700 1225 ut
1721 1189 1837 1226 seiam

88 1258 222 1308 mquid
253 1257 322 1295 tibi
352 1256 551 1295 debeatur.
613 1256 652 1294 Si
683 1256 959 1294 divendidisses
988 1256 1141 1293 interim
1173 1254 1313 1305 aliquid
1343 1255 1550 1299 librorum,
1591 1260 1632 1293 ut
1661 1267 1838 1304 superes-

131 1330 188 1363 set
218 1325 401 1374 pecunia,
434 1324 470 1362 id
493 1323 696 1363 retinebis.
731 1323 834 1374 quod
864 1324 950 1361 usui
980 1324 1027 1360 sit
1050 1321 1273 1371 colligandis
1294 1321 1451 1372 reliquis
1472 1321 1578 1359 libris
1601 1323 1664 1372 qui
1686 1335 1705 1360 e
1728 1323 1837 1371 Spira

132 1393 343 1430 mittentur.
395 1390 486 1429 Vale
517 1396 554 1429 et
584 1391 781 1445 negotium
811 1395 987 1427 nostrum
1020 1389 1222 1439 diligenter
1254 1401 1357 1427 eura.
1420 1402 1464 1426 ex
1496 1388 1765 1438 Ebernlmrgo.

400 1459 635 1507 Inscriptio:
678 1458 841 1495 Martino
873 1457 1025 1495 Bucero
1056 1457 1176 1495 literis
1206 1456 1452 1493 instructissi-

681 1537 745 1562 mo
777 1525 900 1562 amieo
930 1525 1127 1562 innocenti
1158 1536 1203 1561 ac
1233 1523 1347 1561 bono.

88 1604 122 1629 20
683 1590 748 1630 28.
772 1592 865 1631 Nov.
892 1591 1012 1630 1520.

224 1739 237 1760 ⁴
263 1736 583 1782 Conquestionum]
612 1738 659 1769 cf.
679 1747 787 1779 supra
814 1748 847 1768 n.
869 1737 1134 1768 CLXXXVIII.
1154 1721 1235 1777 sqq.¹
1316 1734 1344 1755 ²0
1369 1734 1421 1766 28.
1441 1736 1530 1766 Nor.
1553 1733 1646 1766 1520.
1668 1734 1771 1775 quasi
1791 1735 1842 1764 iu-

136 1787 348 1839 scripffonis
372 1799 514 1838 partem
540 1795 678 1825 adiecit
697 1796 728 1825 1.

226 1853 446 1884 Rtihrichius
469 1851 583 1882 refert
606 1851 763 1881 lectores
789 1850 835 1880 ad
860 1849 1052 1890 epistolam
1075 1849 1185 1879 Beati
1209 1848 1375 1879 Rhenani
1400 1847 1445 1878 ad
1468 1847 1698 1877 Bonifacium
1724 1847 1844 1877 Amer-

138 1909 309 1941 bachium
333 1908 519 1941 Avenione
546 1912 630 1937 tunc
658 1907 850 1947 degentem
869 1930 876 1943 ,
902 1905 1062 1936 Basileae
1088 1904 1262 1945 postridie
1281 1904 1403 1934 Trium
1428 1913 1551 1944 regum
1578 1901 1622 1943 [7.
1641 1903 1718 1932 Ian.
1747 1899 1842 1942 1521]

139 1966 330 2007 scriptam,
358 1965 396 1995 in
412 1964 641 1995 bibliotheca
669 1962 842 1992 antistitii
859 1961 1078 1991 Basiliensis
1105 1965 1306 1993 servatam,
1334 1959 1444 1990 hanc:

230 2020 441 2061 „Aleander
464 2019 664 2059 Moguntiae
690 2017 841 2048 Lutheri
872 2016 1017 2047 libellos
1051 2016 1199 2046 exussit.
1248 2016 1365 2046 Priori
1398 2015 1455 2045 die
1490 2014 1579 2045 nihil
1612 2014 1681 2044 fuit
1707 2017 1844 2043 aetum:

139 2088 222 2108 nam
249 2087 329 2107 cum
356 2076 522 2107 carnifex
547 2075 583 2104 in
608 2078 783 2114 suggestu
808 2076 910 2102 stans
936 2072 1161 2112 quaesiisset,
1187 2081 1270 2101 num
1295 2071 1458 2112 legitime
1485 2071 1674 2101 damnatus
1694 2075 1789 2099 esset
1816 2068 1846 2097 is

142 2134 244 2164 cuius
276 2133 339 2163 isti
370 2132 456 2162 libri
488 2131 608 2161 forent
642 2128 832 2167 exurendi,
871 2127 1057 2168 respondit
1089 2128 1263 2157 universa.
1294 2126 1416 2168 populi
1450 2125 1658 2161 multitudo,
1691 2123 1845 2154 nondum

142 2189 353 2219 damnatum
380 2197 471 2217 esse.
521 2186 574 2217 Ad
592 2186 685 2216 hane
705 2194 832 2215 vocem
860 2183 1027 2214 carnifex
1052 2183 1211 2221 desiliit7
1238 2183 1414 2223 praefatus
1433 2192 1469 2211 se
1489 2181 1578 2210 nihil
1599 2191 1619 2210 a
1639 2178 1665 2220 [2³
1677 2178 1708 2219 e]
1728 2178 1844 2208 medio

141 2244 270 2276 tollere
295 2244 365 2274 nisi
391 2242 586 2274 secundum
610 2241 712 2282 leges
737 2241 879 2280 riteque
906 2239 1126 2270 damnatum.
1176 2238 1248 2268 Res
1274 2241 1351 2268 tota
1381 2246 1487 2267 versa
1519 2236 1588 2265 fuit
1614 2235 1650 2264 in
1675 2234 1783 2263 risum
1810 2237 1845 2262 et

143 2300 330 2339 convicia,
359 2299 487 2340 quibus
505 2299 557 2329 sic
576 2297 778 2338 proscissus
798 2298 851 2326 est
869 2295 1068 2333 Aleander‚
1096 2298 1135 2324 ut
1154 2294 1290 2334 optarit
1315 2294 1421 2323 istam
1446 2302 1482 2321 se.
1509 2290 1733 2331 provinciam
1758 2298 1845 2318 nun—

143 2367 249 2398 quam
268 2355 492 2396 suscepisse—,7
518 2363 646 2394 parum
665 2352 784 2383 abfuit
803 2352 888 2392 quin
905 2350 1089 2392 lapidibus
1107 2337 1334 2385 obrueretur3
1361 2347 1543 2378 vocabant
1570 2355 1649 2376 eum
1674 2344 1843 2382 Iudaeum,

142 2413 384 2454 proditorem,
418 2410 637 2441 nebulonem
663 2413 698 2439 et
725 2407 809 2448 quid
834 2408 927 2438 non‘?
960 2407 1111 2436 Postero
1145 2404 1202 2434 die
1237 2413 1315 2433 cum
1348 2403 1467 2433 omnia
1499 2400 1655 2441 querelis
1680 2399 1846 2440 impleret

144 2469 386 2509 iniuriamque
413 2467 553 2497 diceret
578 2466 740 2496 Romano
766 2462 931 2505 pontifici
956 2461 1111 2492 factam.
1141 2459 1242 2489 cuius
1261 2458 1382 2488 edicta
1402 2460 1732 2494 contemnerentur,
1762 2455 1847 2485 effe·

146 2526 198 2556 cit
222 2525 297 2555 suis
323 2523 430 2554 minis
463 2521 558 2563 apud
591 2519 814 2551 cardinalem
838 2517 1089 2557 Moguntinum
1117 2518 1154 2545 et
1179 2514 1394 2550 canonicos,
1426 2516 1465 2542 ut
1499 2512 1637 2552 aliquot
1668 2510 1787 2541 libelli
1812 2511 1848 2540 in

145 2581 223 2613 foro
248 2591 312 2622 per
328 2578 567 2620 vespillonem
585 2586 649 2607 seu
668 2573 944 2606 cadaverarium
971 2581 1067 2601 «nam
1094 2569 1258 2601 carnifex
1281 2569 1349 2599 hoc
1376 2569 1499 2599 faeere
1525 2566 1769 2605 detrectabat)
1795 2566 1848 2596 in-

147 2637 398 2669 cenderentur.
446 2634 593 2665 Editum
620 2635 674 2663 est
699 2632 735 2661 in
762 2629 861 2660 illum
888 2637 1034 2659 carmen
1061 2625 1343 2663 amarulentum,
1378 2623 1469 2664 quod
1495 2623 1633 2654 {edibus
1658 2623 1694 2653 in
1721 2621 1849 2662 quibus

146 2693 314 2731 divertit,
342 2691 536 2731 multisque
562 2688 653 2719 locis
680 2686 827 2718 affixum
851 2688 961 2715 noctu
987 2683 1143 2714 ferunt'’.
