2078 3469
143 237 305 270 CCXIII.
325 247 373 269 Ex
385 245 549 269 ABYDENI
565 246 723 269 conALLI
740 245 923 269 ORATIONE
938 246 986 269 AD
1000 247 1128 270 CAROL.
1144 248 1227 271 AvG.
1241 249 1309 272 PRO
1324 250 1431 272 HvTT.
1444 249 1481 275 ἒς.
1495 250 1701 273 NONNVLLA.
1752 231 1847 278 443

141 363 212 400 que
243 356 299 388 est
329 353 396 399 qui
423 364 496 388 non
528 353 585 388 vel
614 352 775 388 Luttieri
802 352 850 387 sit
880 352 937 388 vel
966 352 1141 397 Hutteni‚
1179 355 1217 389 id
1246 359 1301 390 est
1330 357 1394 402 qui
1422 367 1496 391 non
1534 358 1572 392 in
1608 357 1681 392 illis
1713 358 1852 394 Christi

140 410 315 456 spiritum
358 408 571 454 Christique
609 410 819 445 doctrinam
859 411 1051 454 aynorerit
1085 438 1346 446 .........
1408 412 1483 447 Sed
1511 424 1623 458 quum
1662 426 1734 449 non
1759 426 1848 461 pos-

140 470 222 515 sent
257 465 440 511 perferre
477 466 646 500 homines
684 466 958 509 delicatissimi,
1004 470 1080 500 tum
1119 467 1308 502 maoeimus
1342 468 1521 513 pontifex
1559 469 1753 506 Romanus
1790 473 1849 507 illc

141 532 258 557 ausus
287 525 342 557 est
372 521 545 556 nonnihit
573 526 710 556 temere
742 530 855 567 ayere
884 523 923 557 in
954 524 1110 567 optimos
1133 524 1248 566 ciros,
1279 525 1544 570 consiliumque
1565 527 1663 568 iniit,
1694 532 1734 562 ut
1755 529 1850 563 oeci-

110 579 265 620 ⁵deret‚
307 582 435 621 ratus,
473 581 515 612 ut
551 578 586 613 si
613 578 735 627 semel
765 578 945 613 tollantur
975 580 1048 621 illi,
1080 580 1201 614 statim
1234 581 1450 616 universum
1482 583 1687 617 extinctum
1718 585 1765 618 sit
1794 586 1850 619 iu-

87 684 89 686 ,
139 635 322 670 eendium.
383 634 461 669 Pro
490 644 530 669 se
561 638 685 669 tamen
716 634 812 668 nihil
839 635 930 680 egit,
970 636 1070 680 quod
1098 636 1245 670 notiora
1275 637 1349 670 sint
1377 638 1476 672 illius
1501 637 1701 683 facinora,
1738 652 1850 686 qicam

138 695 180 726 ut
219 690 375 737 defendi
404 690 554 736 possint
598 693 655 727 vel
691 690 845 726 testibus
882 681 1168 733 ὑποτυπώσεως
1199 695 1331 737 coeant
1363 719 1370 726 .
1395 721 1401 727 .
1426 720 1432 727 .
1458 721 1464 727 .
1530 694 1621 729 Tota
1648 697 1692 731 lis
1723 702 1778 732 est
1806 698 1850 732 de

140 747 311 783 vindiciis
341 748 547 782 secundum
587 748 799 783 libertatem
836 750 871 781 ct
909 748 1010 793 quod
1038 749 1122 783 illos
1150 748 1303 783 tiberius
1332 749 1554 784 monuerint.
1614 761 1682 787 nec
1711 762 1851 798 negare

134 807 298 849 possunt
335 813 374 838 se
411 813 497 839 reos
533 813 614 839 esse
652 805 679 839 ii
714 805 780 849 qui
817 804 922 839 nobis
951 805 987 839 in
1019 804 1089 839 hoc
1120 805 1269 849 neyocio
1301 804 1491 840 obsistunt.
1554 805 1659 849 Quod
1687 819 1769 843 cum
1799 810 1852 843 ita

95 859 125 890 ¹⁰
140 861 207 902 sit,
240 861 332 905 quid
359 870 511 895 monere
543 871 617 895 non
648 861 861 896 debuerunt
889 859 1098 896 Martinum
1130 865 1165 895 et
1195 860 1421 903 Huttenum‚
1454 864 1553 905 quod
1581 865 1662 898 illos
1681 875 1755 899 non
1782 876 1851 910 pu-

140 917 221 952 duit
247 915 408 962 faeere?
440 943 708 952 .........
779 916 906 951 Videte
934 918 1070 962 mitur,
1109 917 1342 952 invictissimi
1365 918 1576 962 principes,
1616 931 1727 964 quam
1757 922 1852 956 indi—

138 983 253 1019 9num
284 974 332 1007 sit
362 973 459 1007 male
489 974 631 1008 mereri
659 973 704 1008 de
735 973 826 1008 bene
856 974 1018 1016 meritis,
1051 974 1116 1018 aiei
1145 983 1191 1007 ne
1222 982 1289 1007 nos
1313 974 1548 1018 periremus,
1579 980 1710 1020 sponte
1731 987 1770 1011 se
1791 977 1853 1011 de-

140 1030 278 1064 derunt
316 1029 546 1072 discrimini,
592 1033 629 1064 et
666 1029 871 1064 ccncctlzcma
909 1034 1090 1074 optarunt
1129 1039 1208 1064 esse
1245 1040 1321 1073 pro
1362 1028 1556 1074 fratribus
1594 1033 1659 1076 qui
1693 1036 1780 1067 sunt
1816 1033 1855 1066 in

141 1085 310 1120 Christo.-
351 1086 470 1131 maqis
501 1095 589 1120 vero
624 1086 840 1121 honorandi
875 1090 982 1128 sunt,
1023 1097 1098 1122 non
1137 1086 1237 1130 quod
1270 1086 1350 1120 lucc
1387 1086 1498 1120 velint
1536 1087 1626 1132 ipsi,
1665 1089 1732 1123 sed
1766 1088 1855 1133 quia

95 1142 292 1187 ¹5cli9num
321 1146 375 1176 est
402 1152 477 1186 pro
502 1143 664 1186 pietate,
692 1153 767 1187 pro
792 1144 947 1187 patria,
978 1153 1049 1187 pro
1079 1142 1181 1177 vobis
1204 1142 1445 1187 principibus
1460 1144 1720 1188 puynantibus
1740 1146 1853 1180 vicem

139 1198 300 1232 reddere
332 1198 640 1243 nzaffln'fieentioe,
680 1210 752 1244 quo
784 1199 835 1233 ad
863 1199 1013 1233 illorum>
1045 1199 1200 1234 virtutes
1230 1198 1402 1244 careonis
1426 1199 1589 1242 posthac
1618 1202 1736 1234 ceteri
1763 1211 1852 1245 quo-

139 1263 210 1299 que
242 1255 409 1289 azcdcant
431 1258 466 1288 et
487 1256 633 1289 maiora
664 1259 849 1289 conentur
871 1255 1030 1300 adaredi
1051 1280 1315 1289 .........
1318 1247 1322 1252 ’
1340 1280 1700 1290 ............
1748 1256 1850 1291 Hac-

140 1314 248 1344 tenus
287 1312 474 1345 rationem
513 1311 677 1348 reddidi,
716 1311 956 1356 qzcamobrem
993 1321 1032 1346 se
1072 1311 1318 1354 opposuerint
1348 1309 1519 1346 Romano
1551 1312 1726 1356 pontifici
1754 1312 1852 1347 Hut-

139 1370 248 1400 tcnus
278 1369 314 1400 et
343 1365 553 1409 Martinus,
594 1368 752 1402 necdum
784 1368 869 1402 diri
897 1367 997 1411 quod
1024 1367 1284 1408 institueram,
1326 1370 1362 1400 et
1391 1367 1492 1410 quod
1527 1377 1590 1402 res
1627 1369 1711 1412 ipsa
1742 1367 1851 1414 effla-

91 1422 249 1468 20yitat,
298 1423 465 1458 videlicet
503 1433 616 1468 qicam
654 1424 791 1458 iniuste
829 1428 986 1457 conetur
1020 1422 1185 1468 perdere
1223 1424 1450 1457 innocentes
1511 1422 1615 1458 Idem
1650 1424 1709 1458 ille
1748 1426 1854 1459 toties

138 1479 321 1522 repetitus
353 1478 652 1514 Christianorum
685 1480 898 1524 Epicurus,
933 1482 1196 1524 prseposterus
1229 1478 1335 1520 Cato,
1378 1479 1503 1513 conbos
1534 1483 1690 1514 venatus
1720 1484 1774 1514 est
1805 1481 1855 1514 ad

138 1537 314 1575 mortem,
348 1545 416 1569 nec
448 1536 631 1570 rationem
664 1535 775 1570 habet
806 1536 914 1569 homo
943 1534 1292 1580 pertinacissimus.
1326 1545 1437 1579 quam
1468 1536 1564 1570 mate
1594 1540 1788 1570 mereatur
1808 1537 1852 1571 de

138 1591 285 1634 optimis
318 1592 418 1626 uiris.
480 1592 572 1626 Esto
602 1592 656 1627 illi
684 1592 819 1626 teuteus
850 1592 1012 1637 tetisyerit
1035 1590 1246 1633 Huttemcs,
1278 1591 1360 1635 quis
1391 1594 1515 1626 autem
1545 1603 1619 1627 non
1650 1593 1853 1637 aliquando

137 1647 289 1692 impeyit
318 1647 357 1682 in
390 1648 525 1682 verbo?
566 1646 608 1682 Si
635 1657 798 1693 prorsus
828 1648 950 1683 scelus
981 1651 1037 1682 est
1065 1648 1259 1691 corriglcre
1287 1647 1488 1691 prcelatos,
1519 1648 1578 1683 ille
1604 1658 1724 1693 neque
1751 1659 1852 1693 proe-

91 1703 124 1728 25
139 1704 300 1738 monitus
331 1707 406 1747 est,
439 1713 507 1738 nec
538 1715 667 1738 coram
699 1704 852 1739 testibus
882 1707 1094 1748 correptus.
1158 1702 1236 1745 Quo
1266 1703 1380 1749 iyitur
1410 1703 1492 1738 iure
1522 1704 1575 1738 ita
1605 1705 1852 1749 imprcemedi·

139 1763 214 1794 tate
246 1759 457 1795 trahendus
488 1760 526 1794 in
558 1764 739 1795 mortem?
790 1760 831 1795 Si
852 1759 941 1805 fur,
982 1760 1015 1793 si
1044 1759 1250 1801 lwmicida,
1290 1759 1323 1793 si
1352 1760 1542 1804 veneficus
1571 1764 1685 1802 esset,
1724 1761 1852 1805 utique

139 1814 232 1849 nihil
258 1814 397 1861 fuisset
428 1819 566 1851 temere
598 1817 806 1861 sinendum:
847 1816 1004 1850 subinde
1036 1819 1182 1860 tempus
1213 1815 1378 1850 dandum
1409 1819 1520 1857 esset,
1561 1815 1632 1861 quo
1666 1818 1854 1862 puryarct

138 1881 239 1906 sese:
282 1876 423 1917 qucmto
454 1873 574 1918 massis
604 1872 698 1907 nihil
728 1873 914 1918 aycndum
943 1871 1081 1917 frivole
1111 1873 1147 1906 in
1180 1880 1262 1907 eum
1294 1872 1358 1916 qui
1394 1874 1445 1905 tot
1482 1871 1619 1906 habeat
1658 1876 1768 1907 testes
1797 1872 1852 1906 in-

138 1929 338 1971 nocentice‚
379 1929 444 1973 qui
474 1941 496 1963 a
527 1932 601 1962 tam
633 1929 760 1963 multis
788 1938 938 1973 semper
965 1928 1151 1973 probatus
1181 1928 1324 1970 curtilii,
1365 1939 1387 1961 a
1418 1931 1468 1962 tot
1498 1928 1631 1969 doctis,
1671 1931 1723 1962 tot
1752 1927 1853 1963 nobi<

93 1984 126 2010 30
140 1984 256 2026 libus,
294 1988 345 2019 tot
372 1985 627 2030 principibus,
667 1988 741 2019 tam
773 1985 881 2030 longo
913 1987 1079 2029 tempore
1109 1988 1145 2019 ct
1175 1992 1224 2019 ca:
1256 1987 1330 2018 tam
1361 1984 1466 2017 claro
1496 1987 1687 2018 stemmate
1717 1994 1853 2030 cogna-

139 2044 210 2075 tus.
272 2039 364 2083 Quis
394 2051 520 2085 quoeso
551 2041 665 2075 libere
702 2040 865 2086 posthac
895 2039 1124 2085 prcedicabit
1154 2041 1404 2086 evangelium,
1446 2041 1479 2074 si
1515 2045 1590 2074 tam
1628 2049 1745 2085 yrave
1783 2040 1854 2073 erit

139 2096 274 2131 aztdire
306 2102 460 2132 verum?
493 2125 499 2131 .
525 2125 530 2130 .
557 2125 563 2130 .
588 2124 595 2131 .
656 2097 808 2131 Fuisset
835 2097 959 2141 primo
989 2097 1217 2135 monemtus;
1257 2096 1390 2131 dcimle
1419 2096 1453 2129 si
1476 2096 1714 2140 pertinacior
1746 2094 1853 2140 (qua-

139 2153 209 2187 tem
241 2156 365 2187 tamen
403 2153 464 2187 itte
501 2162 539 2187 se
577 2157 690 2198 nessat
719 2152 924 2197 extitisse),
964 2153 1093 2197 palam
1123 2153 1162 2186 in
1192 2153 1251 2187 ius
1282 2152 1493 2189 vocandus:
1527 2155 1720 2196 postremo
1751 2151 1856 2195 apud

139 2219 248 2243 suum
280 2209 451 2243 iudicem.
503 2208 587 2243 Iam
618 2218 738 2254 neque
769 2209 806 2242 in
834 2210 965 2253 patum
996 2212 1200 2243 conventus
1231 2212 1305 2250 est,
1338 2217 1457 2252 neque
1488 2208 1594 2252 apud
1620 2208 1761 2242 iudices
1791 2207 1852 2240 (le-

92 2265 124 2291 35
140 2265 300 2309 imatos,
334 2275 396 2300 vos
426 2266 579 2310 inquam
610 2265 725 2300 duces
756 2264 1116 2299 Ctn·z‘stiam'ssinzos:
1155 2265 1222 2299 sed
1252 2265 1346 2299 idem
1378 2267 1483 2297 actor
1513 2267 1548 2297 et
1576 2262 1711 2303 imlesc,
1748 2262 1852 2296 calu-

139 2321 303 2355 mniator
333 2324 368 2355 et
397 2321 528 2356 lictor:
576 2321 686 2355 immo
724 2331 893 2356 summus
931 2331 976 2355 ac
1014 2321 1205 2355 maa-imus
1228 2319 1401 2354 'ccclesia‘
1433 2322 1569 2362 pastor
1601 2316 1657 2361 (ut
1687 2318 1766 2362 ipse
1797 2317 1851 2350 in-

140 2378 234 2422 quit)
262 2378 466 2421 propriam
492 2387 594 2412 ovem.
624 2377 883 2413 crudelissime
914 2377 1094 2421 eoepetivit
1132 2378 1169 2410 in
1209 2384 1352 2416 necem,
1391 2384 1502 2418 quam
1534 2374 1678 2417 utique,
1717 2374 1751 2407 si
1779 2383 1852 2406 non

140 2434 401 2467 mercenarius
433 2437 548 2473 esset,
587 2443 744 2468 servare
775 2433 974 2475 debuerat,
1015 2443 1089 2466 non.
1115 2431 1297 2475 perdere,
1337 2433 1373 2463 ct
1402 2430 1517 2464 tinum
1554 2427 1748 2474 fznniyare
1778 2439 1852 2462 non

141 2489 386 2534 extorquere,
419 2489 486 2523 sed
515 2489 782 2523 reaccendere.
835 2489 946 2533 quasi
976 2488 1075 2521 vobis
1105 2495 1212 2520 enses
1244 2496 1316 2520 non
1339 2486 1429 2527 sint,
1461 2485 1495 2519 si
1513 2485 1697 2529 supplicio
1718 2484 1853 2529 dissnus

93 2545 128 2574 40
140 2546 206 2587 sit,
239 2546 312 2579 nisi
339 2545 400 2579 ille
429 2545 640 2579 sacerdotio
671 2544 842 2588 iungseret
882 2544 992 2577 etiam
1023 2543 1272 2576 latrocinium.
1343 2540 1475 2575 Vestra
1505 2540 1585 2574 tneo
1615 2540 1756 2574 iniuria
1786 2543 1851 2580 est,

141 2611 235 2646 quos
266 2601 359 2635 tales
390 2601 582 2634 existimat
614 2601 679 2644 qui
707 2609 854 2644 (equum
886 2598 1062 2633 nesciatis
1088 2596 1271 2642 proferre
1302 2597 1489 2631 iudicium.
1561 2594 1707 2631 Veneno
1737 2596 1852 2640 impe-

142 2657 198 2691 tiit
235 2656 420 2692 hominem
458 2657 553 2690 ctam
593 2655 753 2700 suffecto
792 2654 973 2689 monacho
1011 2654 1090 2688 eius
1125 2652 1306 2698 factionis
1341 2653 1406 2697 qui
1434 2664 1456 2686 a
1483 2652 1735 2697 pecuniarum
1765 2662 1851 2685 con-

142 2716 245 2748 tactu
284 2716 497 2757 temperant
536 2712 701 2757 quidem,
744 2720 870 2745 oerum.
911 2721 932 2743 a
971 2710 1156 2754 spurcitia
1195 2713 1230 2743 ct
1267 2708 1484 2742 mulieribus
1518 2719 1589 2742 non
1629 2710 1851 2752 temperant.

144 2768 235 2811 Quis
264 2779 432 2814 unquam
463 2768 532 2802 hoe
563 2777 688 2812 quseso
719 2767 861 2801 aztdieit
890 2777 913 2799 a
937 2765 1143 2809 pontifice?
1181 2765 1215 2799 si
1243 2768 1316 2798 tam
1346 2774 1462 2809 araz-c
1493 2764 1633 2797 crimen
1664 2767 1719 2797 est
1746 2771 1851 2797 vene-

96 2825 130 2850 ⁴¹5
140 2825 288 2869 ficium,
322 2834 442 2869 neque
474 2824 735 2859 dissimulatur
765 2823 802 2856 in
833 2821 979 2856 homine
1005 2821 1175 2865 privato,
1207 2823 1347 2865 quanto
1378 2819 1496 2865 massis
1526 2821 1563 2853 in
1584 2819 1756 2863 episcopo
1779 2827 1852 2852 nonv

142 2883 198 2915 est
227 2873 529 2915 connivendum?
570 2878 612 2913 Si
640 2878 791 2920 nebulo,
823 2878 857 2912 si
884 2876 1121 2922 sycophanta
1152 2875 1221 2910 hoe
1251 2877 1404 2921 essisset,
1438 2875 1717 2910 trucidaretur:
1752 2884 1851 2918 quo-

231 2999 245 3018 ⁷
269 2993 390 3040 finon]
426 2998 707 3030 informationis.
739 2990 990 3031 ὑποτυπόσιος
1015 2999 1065 3026 est
1090 2997 1120 3025 in
1146 2995 1198 3025 ed.
1220 2997 1251 3025 1.
1352 2993 1378 3014 ²¹
1405 2993 1486 3026 Chr.
1514 2991 1631 3035 Epic.]
1659 2993 1701 3023 In
1726 3003 1852 3033 mar-9..-

141 3055 341 3096 Epitheton
365 3054 567 3087 Pontifici&
660 3051 687 3072 ²³
713 3052 751 3083 Si
776 3060 920 3093 prorsus
945 3048 1021 3091 &c.]
1050 3053 1085 3081 et
1109 3048 1137 3068 39
1156 3049 1272 3091 quasi]
1299 3049 1443 3081 Similia
1472 3049 1550 3091 ipse
1575 3049 1759 3080 Huttenus
1785 3048 1852 3079 Ca-

142 3110 218 3142 rolo
250 3111 336 3153 imp.
364 3113 400 3142 et
426 3110 617 3143 Germanis
643 3109 681 3140 in
707 3107 1028 3149 conquestionibus
1054 3106 1264 3147 scripserat.
1312 3104 1487 3137 Similiter
1512 3105 1549 3136 in
1574 3103 1820 3146 sequentibus.
