2078 3469
255 174 415 207 XXXVI.
442 179 468 204 2.
489 183 569 204 EOB.
591 182 699 204 HESSI
719 182 923 204 RESPONSIO
941 181 1113 203 MAXIMIL.
1132 181 1179 203 AD
1198 183 1362 205 anTENx
1381 183 1498 204 EmsT.
1519 182 1666 206 ITAmAE.
1729 165 1819 210 119

307 287 421 335 Scepe
449 286 679 324 rebellantes
709 287 815 324 toties
844 286 979 323 vicisse
1006 284 1241 333 Sycambros
1314 336 1317 338 q

221 367 268 394 180
397 353 469 391 Est
496 354 634 391 iterum
665 357 781 401 atque
805 354 949 390 ‘iterum
978 364 1101 391 causa
1130 353 1256 400 fuisse
1282 355 1392 402 pium
1403 368 1416 398 ,-

306 421 399 466 Quis
422 420 579 466 fudisse
608 423 713 458 acies
745 421 946 458 Gallorum
979 431 1084 468 scepe
1112 421 1302 468 superbas

400 487 531 525 Nescit
558 491 595 525 et
622 489 772 534 inqenti
797 491 931 533 straqe
960 487 1113 524 dedisse
1142 485 1258 525 neci?

305 555 368 592 Ad
393 565 479 592 mea
508 555 725 591 Pannonice
755 555 912 592 tremuit
941 553 1076 591 domus
1100 562 1214 591 ctrma
1242 555 1400 604 fuitque

218 636 265 662 184
398 622 589 659 Consultoe
614 621 745 667 facies
774 622 949 658 omnibus
978 632 1058 659 una
1083 620 1223 667 fussee,-

303 689 355 727 Et
382 690 460 726 nisi
485 692 539 726 tot
566 690 721 726 variata
752 689 876 726 modis
906 689 1084 726 Fortuna
1106 690 1266 736 fuisset,

399 755 650 794 Contudimus
680 766 846 803 quorum
875 766 944 793 nos
970 757 1111 803 pudet,
1142 758 1357 796 Helvetios:

302 823 400 862 Hcec
428 823 596 865 tumidos
617 824 755 870 qladio
779 822 891 869 fudit
921 824 1062 860 victore
1088 823 1282 862 Boliemos

216 905 263 931 183
391 891 570 939 Dextra,
601 890 807 928 Palatinas
830 900 918 927 cum
948 895 1204 937 sequerentur
1234 903 1349 940 o})es‚·

301 959 450 1005 Infidos
474 958 614 1006 pepuli
636 958 771 1005 patrio
803 957 852 994 de
881 957 1000 995 limite
1034 957 1206 1005 Tureas,

399 1025 429 1064 O
453 1029 491 1064 ct
517 1025 650 1064 adbuc
678 1027 812 1073 aliqua
838 1036 935 1072 qens
965 1025 1154 1062 adeunda
1188 1036 1320 1064 manu.

302 1094 448 1132 Gunela
477 1092 635 1139 referre
657 1094 786 1141 piaet,
818 1103 890 1131 nec
919 1094 1021 1130 enim
1051 1093 1177 1131 breuis
1204 1096 1335 1133 omnia
1365 1097 1516 1134 eleartm

211 1168 260 1201 192
392 1160 610 1199 Servatura
641 1161 797 1198 modum
816 1162 971 1208 paqina
994 1160 1110 1207 ferre
1130 1166 1257 1209 potest
1267 1177 1278 1199 .-

299 1229 414 1267 Nunc
437 1239 588 1276 quoque
617 1231 768 1275 quanta
799 1229 873 1265 tuis
899 1232 952 1265 tot
973 1233 1079 1266 retro
1109 1229 1337 1268 abeuntibus
1364 1233 1480 1269 annis

391 1296 598 1334 Ediderim
628 1296 779 1344 campis
804 1294 956 1341 funera
986 1306 1096 1333 nemo
1121 1301 1248 1344 roqat.

299 1364 402 1410 Quid
423 1365 565 1401 mirum
594 1365 630 1401 si
656 1364 845 1401 Fortunce
874 1364 1033 1401 cessisse
1055 1374 1277 1412 parumper

212 1442 258 1468 196
387 1426 564 1478 Differre
592 1435 629 1469 et
656 1435 805 1468 tantum
834 1432 870 1468 si
897 1431 1101 1469 videamur
1129 1429 1257 1480 opus?

302 1499 360 1537 Tu
390 1499 567 1546 quereris
592 1509 812 1546 causasque
841 1500 950 1536 limes
979 1500 1163 1547 qua’sisse
1182 1502 1384 1546 morandi,

388 1567 442 1604 Et
468 1567 646 1614 spacium
672 1567 770 1604 iusto
800 1568 927 1604 maius
956 1566 1089 1605 abesse
1120 1567 1246 1614 doles,

295 1635 348 1673 Et
375 1636 477 1672 velut
503 1633 717 1672 admoneas
747 1635 896 1672 imitari
923 1636 1106 1682 exempla
1126 1640 1364 1683 parentum,

209 1715 258 1742 200
386 1701 606 1749 Seqniciem
633 1701 856 1750 emprobras
886 1702 1152 1751 desidiamque
1182 1708 1314 1741 notas:

294 1770 437 1809 Desine
468 1770 517 1807 ab
548 1771 740 1817 eaemplis
764 1770 894 1807 metiri
912 1769 1030 1816 facta
1061 1781 1132 1808 nec
1163 1772 1244 1809 istis

362 1836 554 1884 Conferre
583 1838 754 1884 antiquis
784 1841 960 1885 tempora
989 1842 1124 1875 nostra
1151 1840 1256 1876 velis.

294 1905 396 1951 Quos
425 1908 465 1942 tu
492 1915 791 1951 commemoras,
818 1906 1063 1952 qeminorum
1092 1907 1280 1953 splendor
1312 1909 1520 1956 Othonum,

205 1986 252 2013 204
383 1972 516 2020 Lonqe
545 1974 626 2010 alia
657 1976 787 2010 tantus
811 1972 1039 2010 condicione
1063 1972 1164 2019 fuit:

298 2039 332 2078 T
329 2051 406 2078 unc
435 2051 559 2088 neque
587 2043 640 2078 tot
669 2040 843 2078 dominos
871 2040 1009 2078 liabuit
1037 2041 1252 2080 Germania
1280 2055 1411 2092 reyes,

387 2107 564 2146 Necdum
593 2112 832 2156 contemptus
864 2107 1031 2146 Ca’saris
1060 2110 1130 2146 istc
1155 2109 1254 2158 suit,

292 2176 435 2214 Paruit
463 2175 649 2223 Auqustis
676 2177 803 2224 patrii
829 2176 1044 2214 concordia
1068 2179 1207 2225 requi,

203 2255 251 2281 208
385 2242 585 2281 Constituit
608 2244 817 2291 proprium
847 2253 958 2281 nemo
983 2243 1057 2281 sibi
1085 2245 1291 2293 imperium
1301 2261 1315 2291 ,-

290 2309 494 2358 Siquando
520 2311 698 2359 eaepediit
723 2312 893 2358 leqiones
923 2311 1068 2349 ducere
1097 2319 1133 2350 et
1163 2312 1327 2360 usquam

384 2377 538 2415 Martia
564 2379 604 2415 in
631 2378 762 2416 liostili
779 2389 928 2426 ponere
955 2383 1090 2416 castra
1113 2381 1214 2427 loco,

290 2445 474 2483 Militiam
503 2455 614 2483 nemo
644 2450 723 2484 tum
752 2446 994 2484 detrectabat
1021 2434 1240 2492 honestam,

203 2524 252 2550 21⁴2
386 2512 596 2560 Gloriaque
625 2515 665 2551 in
695 2514 836 2551 castris
866 2512 1035 2550 Ccesaris
1062 2524 1144 2551 esse
1166 2514 1270 2560 suit:
1308 2538 1315 2545 ·

291 2580 406 2618 Nunc
435 2582 573 2626 conlisi
599 2581 736 2628 opibus
766 2579 874 2617 nobis
906 2579 1133 2618 blandimur
1161 2586 1198 2618 et
1227 2584 1328 2621 inter

384 2646 546 2685 Summa
577 2650 790 2696 voluptates
824 2648 951 2685 vivere
973 2648 1111 2685 militia
1142 2653 1216 2698 est,

288 2714 342 2753 Et
367 2724 456 2764 nos,
488 2715 647 2762 quando
674 2716 773 2753 adeo
806 2714 942 2752 Ctesar
970 2715 1046 2752 sibi
1073 2717 1234 2763 quisque
1259 2718 1433 2765 videtur⁷

203 2792 252 2819 216
385 2782 609 2830 Accipimus
631 2786 781 2830 prieter
807 2792 946 2820 nomen
977 2783 1096 2820 inane
1122 2783 1243 2820 nillil.-

130 2938 141 2944 ·
182 2924 222 2946 1⁷⁹
253 2925 453 2969 Sycambr.]
480 2927 603 2969 Belga.
691 2926 733 2947 ¹³⁰
763 2927 828 2959 Vis
860 2937 941 2958 mea
973 2927 1136 2960 bellaces
1171 2929 1336 2961 contudit
1358 2930 1402 2962 H.
1425 2924 1521 2964 3...5'.
1609 2931 1651 2952 ¹⁸⁷
1675 2933 1753 2965 Hec
1772 2936 1806 2967 2.

97 2977 138 2999 ¹⁹⁴
160 2980 364 3014 Aediderim
382 2985 414 3014 2.
428 2984 503 3014 45.
577 2982 618 3003 ¹⁹⁴³
643 2984 802 3026 spatium
821 2985 853 3015 5.
924 2983 968 3006 ²⁰⁰
994 2984 1197 3028 Segnitiem
1218 2987 1314 3019 3...5.
1393 2987 1435 3009 ²03
1462 2990 1559 3029 Quos
1586 2992 1660 3021 tum
1679 3001 1709 3022 c.
1730 2993 1806 3023 45.

96 3033 139 3056 ²⁰4
163 3038 367 3072 conditione
386 3042 456 3071 2.4.
468 3042 498 3072 5.
570 3039 611 3060 ²¹¹
637 3040 861 3072 detrectauit
877 3041 910 3071 2.
