2232 3568
423 189 517 236 120
570 197 734 230 XXXVI.
759 201 787 226 2.
806 204 890 226 ΕοΒ.
909 204 1017 226 Ηεεει
1035 203 1240 225 nnspousm
1257 202 1431 226 qumn..
1449 203 1498 225 An
1515 203 1679 226 avr-mm
1696 203 1817 226 mus-r.
1835 204 1984 229 uuaz.

618 308 734 356 Soepe
761 306 918 354 quidem
945 305 1138 343 mandata
1167 306 1309 343 damus
1336 307 1527 354 regnique
1553 310 1732 345 senatum

715 373 896 420 Coqimus
925 373 1104 420 auspicio
1130 372 1422 421 deserimusque
1443 371 1560 418 bono,

618 441 782 488 Semper
806 443 849 477 at
869 439 942 477 hoc
967 440 1107 478 iterum
1125 439 1362 486 faciendum
1385 441 1621 488 iterumque,
1649 452 1724 480 nec
1745 452 1920 491 unquam
1981 466 1985 470 -

527 522 577 547 2¹20
712 506 879 545 Consilii,
895 507 1017 552 finem
1046 507 1222 546 lubricus
1250 507 1357 546 orbis
1387 507 1526 546 habet:

617 575 751 614 Donec
779 573 980 612 inutilibus
1007 575 1168 613 terimus
1191 575 1440 614 conventibus
1467 586 1612 624 aevum,

694 630 894 680 'Hostibus
922 641 1056 688 infidis
1083 641 1181 690 quid
1211 643 1291 680 nisi
1306 643 1459 691 prceda
1483 641 1646 693 sumus?

618 709 680 747 Ab
705 709 831 758 pudet
858 709 1015 757 imperii
1041 709 1188 756 quoties
1214 710 1286 748 illa
1310 710 1458 759 inclyta
1487 714 1652 749 mentem

527 790 578 816 224
709 776 865 814 Euxini
888 776 1006 814 subiit
1031 777 1180 825 luxque
1208 777 1406 825 decusque
1431 780 1578 823 maris,·
1619 797 1625 802 ·

617 843 686 891 At,
716 844 796 882 nisi
821 852 892 882 nos
911 842 1069 891 fallant
1091 845 1280 893 promissi
1302 847 1470 884 oracula
1495 845 1598 893 fati,

712 912 793 950 Pro
817 912 892 949 tali
908 922 1052 959 poenas
1079 912 1262 960 crimine,
1294 911 1446 960 Tama,
1476 913 1599 952 dabis.

618 979 718 1018 Ante
744 980 986 1027 coeperimus
1022 979 1207 1018 Venetum
1236 981 1278 1018 in
1307 991 1382 1019 sua
1411 984 1555 1029 staqna
1583 980 1784 1027 rebellem,

529 1060 579 1086 228
710 1047 968 1095 Freqerimus
993 1047 1177 1098 cristam,
1200 1048 1360 1097 perside
1382 1047 1514 1096 Galle,
1546 1053 1693 1086 tuam.-

624 1113 734 1153 Tunc
763 1114 924 1152 dabitur
950 1118 1095 1153 nostroe
1122 1115 1202 1152 iam
1232 1117 1350 1164 lapsa
1374 1117 1536 1164 palatia
1565 1116 1703 1154 Romae

695 1182 849 1228 Visere,
874 1185 913 1219 et
935 1181 1110 1229 Augusto
1145 1181 1326 1233 Tybridis
1355 1193 1471 1221 amne
1499 1184 1610 1228 vehi,-

620 1248 778 1298 Quoque
807 1249 936 1287 minus
963 1248 1132 1296 dubites,
1162 1251 1242 1287 iam
1271 1261 1350 1289 non
1371 1252 1570 1299 promissa
1597 1251 1669 1289 sed
1695 1252 1824 1299 ipsam

529 1329 580 1356 232
712 1316 855 1365 Aspice
878 1326 956 1354 non
981 1317 1074 1364 ficto
1098 1317 1278 1366 pondere
1305 1322 1413 1356 stare
1435 1319 1579 1365 sidem.-

617 1384 722 1424 Dum
747 1394 818 1422 nos
852 1383 1050 1423 Vindelici
1066 1386 1256 1434 princeps
1279 1385 1460 1434 Auyusta
1487 1385 1606 1424 Suevi

711 1452 886 1499 Detinet,
916 1456 954 1490 et
972 1453 1132 1500 populis
1156 1452 1310 1495 Martia
1339 1454 1432 1491 iura
1459 1454 1620 1501 damus,

618 1520 723 1560 Dum
751 1519 822 1558 tibi
851 1518 1090 1566 Teutonicoe‚
1116 1519 1339 1567 fortissima
1365 1525 1546 1570 pectora,
1573 1525 1710 1569 qentes

531 1599 581 1627 236
717 1587 788 1626 Tot
815 1587 1033 1625 coniuratis
1063 1587 1217 1626 milibus
1245 1598 1362 1626 arma
1384 1592 1558 1638 parant,
1671 1574 1677 1578 ’

619 1655 783 1694 Interea
821 1655 973 1694 Venetis
997 1657 1185 1694 sociatum
1215 1657 1362 1695 viribus
1389 1666 1533 1704 aqmen

718 1723 997 1771 Quadrayinta
1024 1723 1222 1761 hominum
1247 1725 1358 1762 milia
1390 1723 1528 1763 Gallus
1555 1725 1659 1772 aqit,

621 1791 712 1829 Iam
741 1795 820 1829 tuto
847 1792 1060 1839 populatus
1090 1801 1228 1838 aqros,
1253 1793 1467 1840 populatus
1494 1796 1533 1830 et
1559 1792 1676 1830 urbes

534 1873 584 1898 240
717 1859 886 1897 Abstulit
913 1859 1016 1896 irato
1038 1858 1217 1905 fulmina
1243 1870 1345 1907 pene
1369 1859 1468 1897 Iovi.

622 1926 689 1964 Ha
715 1928 842 1964 scelus
869 1930 907 1964 et
934 1936 1137 1974 nunquam
1166 1927 1349 1964 violentia
1379 1930 1462 1964 tuta
1487 1927 1651 1975 pericli,

723 1993 854 2040 Galle,
886 1993 956 2031 diu
983 1993 1101 2031 ludus
1123 2004 1200 2032 non
1229 1995 1332 2032 stetit
1359 1995 1429 2032 iste
1456 1994 1548 2039 tibi,-

623 2061 781 2110 Inclyta
812 2060 952 2099 deerat
983 2061 1117 2100 adnue
1140 2063 1259 2100 tantis
1298 2062 1453 2100 Verona
1483 2061 1710 2110 triumphis,

535 2140 585 2167 244
717 2128 817 2177 Spes
847 2132 944 2166 nata
973 2132 1031 2167 est
1066 2129 1219 2167 Venetis
1246 2130 1352 2167 lianc
1381 2140 1533 2178 quoque
1557 2140 1673 2178 posse
1700 2129 1817 2177 capi.-

630 2196 704 2235 Ter
728 2195 891 2243 frustra
920 2201 1155 2244 oppuynant
1181 2207 1329 2245 maqna
1359 2201 1418 2235 ter
1447 2197 1557 2235 ccede
1584 2197 1758 2245 repulsi,-

721 2263 835 2310 Quod
864 2269 1062 2312 nequeunt
1088 2265 1223 2311 armis,
1254 2265 1327 2303 hoc
1352 2266 1508 2303 voluere
1533 2265 1672 2309 minis,-

622 2332 725 2370 Dira
749 2332 906 2379 quidem
931 2333 1074 2370 nostris
1104 2331 1268 2370 ducibus
1294 2332 1415 2371 datur
1439 2333 1564 2380 optio,
1595 2333 1736 2383 vellent

535 2411 584 2438 248
717 2399 808 2438 Sive
835 2399 970 2437 urbem
999 2398 1131 2438 triduo
1160 2399 1324 2438 tradere
1348 2401 1427 2438 sive
1456 2401 1568 2438 mori.

623 2467 827 2517 Improbe,
858 2471 950 2506 tune
978 2468 1095 2506 minis
1119 2458 1274 2516 ,centem
1305 2471 1457 2506 terrere
1477 2467 1704 2516 prophanis

720 2535 846 2582 Quam
868 2546 1058 2583 nequeas,
1089 2536 1212 2573 armis
1240 2535 1415 2582 vincere,
1447 2535 1579 2586 Galle,
1609 2532 1742 2574 voles?

634 2603 748 2642 Venit
774 2607 812 2642 et
839 2605 973 2642 aerias
1002 2604 1082 2654 iam
1111 2604 1227 2641 tertia
1257 2603 1411 2652 depulit
1436 2603 1595 2641 umbras

534 2683 585 2709 252
716 2671 897 2720 Propitia
926 2673 1071 2710 nostris
1097 2673 1185 2710 luce
1216 2674 1373 2710 revecta
1402 2671 1504 2718 dies,

511 2783 555 2804 ²²⁰
580 2784 740 2817 Concilii
759 2785 819 2815 3..
833 2785 884 2815 .5.
965 2781 1007 2803 ²²¹
1035 2783 1102 2814 eus]
1121 2784 1155 2815 2.
1241 2780 1286 2802 ²²⁴¹
1309 2782 1451 2815 Selimus
1467 2782 1500 2814 J.
1581 2780 1625 2802 228
1648 2780 1742 2823 perf.
1770 2778 1828 2823 G.]
1854 2778 1963 2812 Galle
1987 2777 2136 2821 superb

426 2842 464 2872 3.
477 2863 484 2871 .
496 2864 503 2872 .
515 2842 547 2872 5.
618 2839 663 2861 ²³⁰
679 2840 844 2873 Tibridis
862 2842 894 2872 5.
965 2839 1010 2860 ²3³
1026 2838 1225 2880 Vindelyci
1240 2840 1274 2871 3.
1345 2837 1476 2881 princ]
1494 2847 1661 2881 praeceps
1680 2839 1720 2869 3.
1732 2859 1740 2867 .
1751 2861 1759 2868 .
1770 2837 1803 2868 5.
1872 2835 1918 2857 ²³⁶
1933 2835 2096 2868 millibus
2108 2835 2138 2866 5'

423 2895 467 2916 ²³⁷
491 2898 670 2929 Venetam
695 2898 848 2930 sociatis
872 2897 1020 2929 milibus
1047 2895 1147 2939 [mill.
1167 2896 1214 2940 5.]
1242 2906 1336 2939 agm.
1358 2897 1482 2927 3...5.
1552 2893 1597 2915 ²3³
1612 2892 1731 2925 millia
1748 2895 1782 2925 4.
1794 2895 1826 2925 5.
1906 2890 2048 2936 Gallus]
2077 2898 2140 2926 zm·

422 2953 635 2992 Franciscns-
649 2953 682 2985 I.
707 2952 786 2986 'rex-
854 2951 899 2974 2¹³
925 2953 1055 2986 deerat
1076 2944 1123 2982 εἴ.
1146 2954 1263 2986 dErat.
1333 2950 1378 2972 ²4⁵
1401 2963 1442 2984 m.
1461 2952 1550 2994 Any.
1569 2951 1717 2984 a 1516.
1738 2950 1852 2983 Gallos
1867 2949 2060 2983 Lautreeus
2088 2962 2096 2976 ι

422 3008 529 3040 cebat.
555 3010 583 3041 is
606 3013 756 3042 tractatu
782 3009 1032 3042 Noviodunensi
1053 3021 1076 3043 a
1102 3010 1239 3044 Coesare
1264 3009 1456 3051 adprobato
1486 3010 1628 3052 quinque
1664 3007 1830 3039 mensibus
1862 3009 1942 3049 post
1974 3002 2149 3059 mum-1523
2212 3032 2214 3034 .

423 3067 595 3105 inpressus
619 3069 680 3098 est.
730 3069 978 3108 oppungnant.
997 3068 1031 3098 2.
1103 3065 1144 3086 ²5¹
1165 3076 1295 3099 aereas
1312 3067 1347 3099 2.
1406 3063 1452 3086 ²4⁹
1475 3064 1651 3107 prohanis
1669 3064 1745 3095 4-5.
