2078 3469
241 239 418 271 CLXXII.
446 232 629 271 LEONISix.
650 251 697 271 AD
715 252 912 273 ALBERTVM
932 251 1170 273 CARD1NALEM
1189 252 1275 273 MOG.
1295 253 1350 274 ΕΡ.
1370 253 1404 273 D.
1426 249 1451 274 6.
1472 253 1546 275 1vN.
1572 247 1649 274 1520.
1701 231 1796 276 357

118 430 235 452 noMAE.
816 406 1073 455 CLXXII.
1531 427 1555 451 6.
1575 431 1673 453 IVNII
1695 426 1771 451 1520.

671 532 856 558 DILEcTo
888 533 1002 559 FILIO
1036 521 1206 559 NosTRo

236 584 460 617 ALBERTO
487 583 603 615 TITLl
631 583 689 616 S'l‘l
716 586 1025 618 CHRYSOGONI
1049 587 1362 618 PRESBYTERO
1391 576 1655 619 'CARDINALI

286 642 542 668 MOGVNTINO
566 642 692 668 sacru
713 644 879 670 ROMANI
900 645 1069 670 nimum
1090 645 1283 670 PRINCIPI
1304 644 1516 671 ELECTORI
1537 637 1599 668 &o.

57 708 72 734 5
819 700 901 736 LEO
930 701 995 736 PP.
1026 701 1066 736 X.

201 789 332 826 Dilecte
364 788 413 824 fili
443 794 584 828 noster,
618 785 770 824 salutem
802 794 837 824 et
869 789 1101 837 apostolicam
1131 790 1426 825 benedictionem.
1487 790 1713 826 Gratissimas
1743 803 1797 826 ac-

93 849 247 896 cepimus
277 845 608 892 circumspectionis
640 851 710 880 ture
742 844 865 881 literas
889 857 995 881 manu
1020 846 1168 893 propria
1197 846 1367 893 scriptas,
1394 846 1516 892 plenas
1538 846 1668 881 amoris
1691 852 1796 894 atque

93 903 341 942 observantiae,
380 902 415 936 in
453 901 582 948 quibus
616 901 710 948 quod
736 901 898 947 postulas
929 913 948 936 a
979 901 1082 936 nobis
1112 902 1154 936 de
1184 907 1258 937 tota
1289 900 1349 936 illa
1384 902 1647 948 permutatione
1677 908 1712 937 et
1742 913 1797 937 re-

92 959 378 1007 compensatione
414 957 571 993 sacienda
608 957 691 1004 quid
727 957 843 994 adhuc.
873 951 1052 1003 egerimus
1089 962 1149 992 aut
1184 957 1333 1004 posthac
1365 957 1564 1003 cogitemus
1594 969 1699 1003 agere
1719 984 1727 997 ‚
1757 963 1798 992 ut

51 1021 160 1052 mtuae
189 1026 323 1050 morem
362 1020 533 1061 quantum
562 1013 727 1048 dominus
753 1012 909 1052 dederit,
949 1024 1115 1059 geramus
1141 1012 1333 1051 voluntati,
1373 1011 1524 1047 dilectus
1553 1012 1709 1047 Marinus
1736 1013 1797 1047 Ca-

91 1070 238 1108 racciola
273 1070 436 1106 notarius
474 1074 614 1109 noster,
648 1068 699 1111 rad
728 1068 923 1103 Caesaream
952 1068 1077 1103 Aulam
1114 1068 1314 1104 destinatus
1344 1067 1513 1105 nuncius,
1555 1067 1619 1102 tibi
1652 1068 1798 1103 uberius

91 1132 250 1175 exponet.
309 1125 419 1169 Quem
448 1137 514 1161 nos
545 1125 662 1172 ipsum
692 1136 772 1160 cum
799 1129 834 1159 et
868 1129 970 1159 antea
1001 1124 1255 1159 meditaremur
1291 1123 1326 1159 in
1358 1124 1448 1160 hanc
1474 1123 1690 1169 legationem
1718 1123 1799 1158 mit-

90 1190 182 1223 tere,
215 1182 290 1218 eius
325 1182 466 1229 quidem
493 1181 624 1216 virtute
657 1186 692 1216 et
722 1180 911 1227 prudentia
942 1180 1099 1219 adducti,
1131 1181 1192 1216 sed
1222 1180 1283 1215 illa
1313 1179 1487 1227 imprimis
1512 1179 1667 1218 ratione,
1703 1179 1798 1226 quod

90 1251 167 1276 eum
195 1237 506 1285 circumspectioni
537 1243 608 1272 tuae
638 1242 779 1283 gratum
807 1248 886 1272 esse
917 1236 1224 1283 intelligebamus,
1257 1241 1539 1283 supervenerunt
1568 1235 1682 1271 literae
1715 1240 1796 1274 tuae,

50 1296 155 1331 ¹5hoc
184 1294 275 1329 idem
309 1306 327 1329 a
359 1293 462 1329 nobis
502 1293 744 1340 requirentes,
787 1304 896 1340 quare
934 1293 1029 1329 omni
1070 1293 1295 1328 cunctatione
1333 1292 1493 1327 discussa
1530 1291 1714 1337 negotium
1745 1290 1797 1325 illi

89 1350 205 1387 statim
235 1350 395 1385 dedimus
420 1355 459 1384 ut
489 1349 722 1387 acceleraret,
754 1348 932 1395 rebusque
963 1348 1127 1384 omnibus
1154 1348 1217 1383 tibi
1247 1347 1516 1383 communicatis
1542 1339 1707 1383 uteretur
1733 1347 1796 1381 im-

89 1406 209 1455 primis
239 1405 374 1453 gratia,
406 1405 557 1441 consilio
591 1410 624 1439 et
649 1405 767 1439 favore
798 1410 872 1439 tuo.
928 1405 1004 1441 Non
1036 1405 1129 1440 enim
1162 1410 1195 1439 te
1237 1416 1308 1440 non
1349 1403 1466 1439 omnia
1502 1403 1679 1438 facturum
1721 1414 1796 1438 cer—

87 1468 160 1498 tum
189 1462 380 1501 habemus,
413 1473 491 1509 qua]
522 1461 603 1496 huic
634 1466 764 1496 sancta·
797 1461 889 1501 sedi,
925 1461 1025 1496 cuius
1054 1467 1093 1496 tu
1126 1460 1245 1496 nobile
1280 1460 1476 1495 membrum
1503 1471 1560 1497 es,
1594 1458 1708 1507 ampla
1737 1471 1796 1494 co·

89 1519 251 1566 gnoveris
282 1529 360 1553 esse
393 1524 426 1552 et
463 1518 623 1552 honesta.
679 1516 770 1559 Quin
800 1517 906 1551 etiam
938 1529 1055 1552 rosam
1087 1528 1229 1552 auream
1256 1522 1375 1551 vetere
1406 1515 1572 1550 instituto
1600 1515 1795 1562 praedeces-

48 1577 79 1603 ‘20
91 1586 208 1611 sorum
235 1579 441 1609 nostrorum
469 1573 710 1608 Romanorum
736 1572 942 1619 pontificum
967 1573 1143 1608 dominica
1176 1572 1453 1619 quadragesinne
1483 1577 1607 1618 quarta
1636 1571 1795 1606 benedici

89 1629 245 1669 solitam,
278 1642 295 1664 a
328 1629 502 1676 nobisque
530 1628 680 1663 solemni
710 1640 808 1663 more
841 1628 1063 1664 benedictam
1089 1628 1193 1664 alicui
1225 1628 1375 1664 seculari
1404 1627 1557 1674 principi
1588 1626 1681 1661 mitti
1711 1626 1795 1661 soli—

89 1692 176 1726 tam,
214 1698 278 1733 per
303 1685 454 1720 eundem
483 1685 656 1720 Marinum
688 1685 855 1719 nuncium
893 1685 934 1720 ad
971 1683 1326 1731 circumspectionem
1368 1677 1469 1718 tuam
1491 1683 1586 1717 dono
1621 1682 1793 1721 misimus,

87 1748 125 1778 ut
154 1742 194 1778 ad
226 1741 422 1789 principem
454 1741 595 1788 quidem
627 1740 837 1779 electorem,
876 1752 997 1776 verum
1024 1747 1140 1776 tamen
1168 1752 1258 1776 novo
1285 1738 1487 1786 exemplo;‚
1507 1739 1568 1774 sed
1597 1738 1714 1774 omnia
1741 1738 1793 1772 in-

86 1798 174 1834 dicia
203 1797 460 1833 benevolentiae
498 1808 584 1843 erga
614 1802 648 1831 te
687 1802 820 1832 nostrae
855 1797 941 1832 satis
980 1797 1083 1832 nobis
1124 1797 1216 1832 iusta
1246 1802 1281 1831 et
1313 1796 1355 1831 ad
1386 1795 1623 1831 innovandum
1660 1793 1793 1840 aliquid

46 1854 248 1890 ²5videntur
278 1865 369 1889 esse.
428 1853 542 1896 Quare
573 1853 846 1899 circumspectio
875 1859 933 1888 tua
963 1859 1104 1899 gratum
1130 1852 1217 1887 illud
1246 1863 1375 1887 munus
1405 1851 1573 1898 accipiet,
1607 1850 1700 1897 quod
1726 1849 1794 1884 etsi

87 1910 271 1957 mysticum
310 1915 364 1945 est
403 1920 620 1956 magnasque
653 1908 759 1944 habet
790 1909 823 1943 in
858 1920 894 1944 se
926 1920 1106 1944 sacrarum
1143 1920 1263 1944 rerum
1298 1907 1633 1954 interpretationes.
1676 1911 1794 1940 tamen

87 1966 126 2002 ad
155 1972 292 2001 ceteras
322 1966 527 2001 adiunctum
560 1970 618 2000 est
658 1965 787 2012 pignus
817 1965 948 2000 amoris
980 1964 1107 2000 summi
1143 1964 1177 1999 in
1208 1963 1400 1999 te·nostri.
1461 1963 1528 1998 Sed
1558 1963 1600 1997 de
1630 1961 1794 1996 omnibus

87 2021 355 2069 circumspectio
381 2027 442 2057 tua
470 2034 488 2057 a
519 2020 690 2068 przedicto
718 2021 852 2056 Marino
879 2022 1008 2056 nuncio
1031 2026 1156 2056 nostro
1181 2019 1322 2068 plenius
1347 2019 1406 2054 fiet
1429 2019 1580 2057 certior,
1610 2017 1667 2053 cui
1690 2016 1792 2051 fidem

87 2089 223 2113 omnem
252 2077 408 2113 habebit.
468 2078 591 2112 Datum
623 2077 742 2112 Romfe
771 2078 862 2124 apud
895 2082 1055 2112 sanctum
1083 2077 1228 2111 Petrum
1259 2076 1324 2111 sub
1353 2075 1484 2111 annulo
1515 2073 1704 2122 piscatoris
1738 2073 1793 2107 die

0 2131 2 2137 ’
47 2133 140 2168 3οἮ.
167 2133 257 2169 Iunii
285 2133 412 2169 MDxx.
457 2132 690 2168 pontificatus
719 2133 834 2169 nostri
865 2145 958 2169 anno
989 2139 1124 2169 octavo.

1314 2188 1359 2223 Ia.
1391 2187 1591 2223 Sadoletus.

746 2261 762 2276 ἢ

79 2297 261 2341 'CLXXIL
304 2309 320 2340 1
337 2322 383 2337 Ξ
399 2311 555 2341 Monuni.
576 2310 664 2350 piet.
691 2310 782 2349 t-Ind.
802 2309 890 2340 bibl.
917 2320 950 2340 n.
969 2308 1039 2348 65.)
1059 2309 1105 2340 II.
1132 2320 1164 2350 p.
1185 2308 1238 2340 46.
1259 2319 1311 2349 sq.
1383 2308 1402 2338 ἱ)
1419 2320 1463 2334 z
1481 2307 1629 2338 Gerdes.
1649 2305 1672 2335 l.
1693 2316 1722 2336 c.
1742 2306 1790 2336 ΙΙ.

85 2376 118 2407 p.
139 2365 189 2397 10.
209 2376 261 2407 sq.
280 2366 546 2397 Monumentor.
644 2364 664 2395 3
681 2377 727 2392 z
751 2366 798 2396 cf.
818 2365 1016 2396 Abrahami
1036 2365 1191 2396 Sculteti
1210 2364 1370 2395 Annales
1398 2362 1583 2404 evangelii
1609 2361 1788 2399 renovati,

634 2421 731 2452 infra
759 2421 802 2452 ad
829 2431 923 2452 nuni.
945 2431 1142 2452 CLxxvnH.
1163 2421 1244 2451 citt.

169 2532 226 2552 ²···5
256 2543 304 2564 AD
335 2542 533 2564 ALBERTVM
564 2542 811 2563 MOGVNTINVM
838 2543 906 2563 Leo
940 2543 1006 2562 nr.
1034 2543 1067 2563 x.
1095 2534 1125 2562 2.
1181 2531 1277 2562 Huic
1311 2530 1473 2572 epistolae
1505 2540 1585 2561 cum
1617 2528 1792 2559 inferiore

84 2599 176 2622 num.
196 2599 393 2622 cnxxvnn.
419 2588 576 2629 Miegius
603 2588 861 2629 superscripsit.
889 2587 1075 2629 ‘Epistolae
1095 2586 1257 2618 Sadoleti
1276 2587 1321 2617 ad
1338 2586 1507 2627 Archiep.
1527 2585 1790 2626 Moguntinum.

85 2644 98 2664 ⁶
120 2649 281 2677 nostram
312 2644 467 2676 salutem
488 2646 518 2674 1.
603 2643 616 2662 ⁷
642 2642 764 2684 atque]
795 2646 829 2675 et
847 2645 879 2673 2.
968 2642 994 2662 ¹⁰
1019 2643 1281 2674 dilectissimus
1300 2645 1331 2673 2.
1427 2640 1498 2661 ¹⁰·¹¹
1526 2640 1738 2672 Carraciola
1759 2641 1789 2670 1.

85 2699 330 2733 ¹¹'Cesaream
348 2703 381 2732 2.
459 2698 602 2741 Aulam]
629 2700 859 2730 maiestatem
879 2701 912 2730 1.
992 2697 1018 2717 ¹²
1044 2697 1091 2739 et]
1120 2698 1231 2729 etiam
1249 2700 1280 2730 2.
1353 2695 1419 2718 μμ
1451 2696 1596 2739 quod
1615 2694 1695 2737 tuae]
1724 2697 1794 2736 qua.

87 2765 164 2788 eum
188 2756 408 2788 Celsitudini
432 2760 504 2788 tuae
525 2757 555 2786 1.
619 2754 647 2774 ¹²
670 2755 806 2786 litterae
824 2757 856 2786 2.
922 2753 948 2773 ¹5
973 2754 1028 2785 illi
1053 2756 1143 2786 omis.
1162 2757 1194 2785 2.
1268 2754 1293 2773 ¹9
1321 2753 1443 2796 etiam]
1471 2753 1499 2785 ἃ.
1518 2755 1548 2783 1.
1622 2750 1688 2771 ¹92⁰
1712 2762 1792 2793 pre-

86 2811 313 2844 decessorum
333 2815 364 2843 1.
440 2811 467 2831 ²¹
494 2812 636 2843 solenni
655 2813 685 2842 1.
699 2813 730 2843 3.
808 2811 836 2831 ²²
860 2811 990 2842 donum
1008 2812 1041 2841 2.
1117 2811 1313 2842 benedicta
1333 2812 1363 2841 1.
1434 2809 1462 2828 ²⁴
1486 2807 1737 2841 benivolentia
1755 2809 1787 2838 2.

88 2866 134 2910 et]
162 2869 272 2899 etiam
292 2870 325 2900 3.
399 2867 481 2910 etsi]
500 2867 529 2899 &
549 2870 580 2898 1.
650 2866 678 2888 ²5
705 2865 911 2909 circumsp.]
940 2867 1126 2903 Celsitudo
1146 2868 1177 2897 1.
