2232 3568
444 207 539 254 116
601 215 765 248 XXXVI.
790 220 818 246 2.
835 223 921 245 EOB.
939 222 1049 245 m-:sm
1065 221 1270 245 nespousxo
1288 220 1463 245 MAxmn..
1481 222 1531 245 An
1547 223 1713 247 nvmnm
1729 223 1850 247 musam
1868 224 2019 249 unm.

640 328 701 368 Αη
725 335 867 375 pacem
895 327 1005 364 toties
1042 324 1227 363 Venetum
1246 326 1410 373 petiisse
1435 326 1620 366 rebellem

734 392 884 438 Nescis,
915 395 953 429 et
967 392 1126 440 pondus
1152 402 1230 430 non
1258 392 1440 432 habuisse
1456 392 1630 443 preces?

615 484 619 487 -
640 459 765 506 Quam
788 457 874 505 fuit
899 460 1102 507 antiquam
1129 460 1253 497 satius
1279 461 1444 499 coluisse
1462 462 1676 510 paludem,

567 538 600 565 τε
729 525 863 564 Iratos
889 530 1000 564 terra
1028 536 1147 574 quam
1170 528 1342 565 tolerare
1362 525 1486 566 deos?

614 619 617 621 »
637 593 781 643 Aspice
807 597 845 631 et
872 594 960 642 ipsa
989 596 1074 631 tuos
1097 597 1135 632 te
1161 591 1429 644 contemplare
1448 606 1530 644 per
1555 599 1686 644 artus,
1716 589 1730 598 ⁶
1755 593 1759 597 ’

732 660 820 699 Non
848 662 1007 699 macula
1035 665 1094 699 est
1130 661 1266 700 Veneti
1293 664 1499 710 sanquinis
1525 673 1608 701 una
1635 663 1706 702 tibi
1712 677 1728 709 ,-

636 728 717 767 Illa
746 728 904 776 quidem
926 729 1070 767 nostris
1097 731 1301 777 n'unquam
1325 729 1516 777 foeliciter
1542 732 1667 770 armis

567 805 600 832 so
730 795 902 843 Restitit,
931 798 973 834 in
991 797 1131 844 patrio
1154 807 1253 844 qens
1283 798 1462 835 animosa
1491 799 1619 842 mari‚·
1653 828 1659 833 .
1694 822 1699 827 .

636 863 802 902 Perdita
833 863 949 912 deflet
971 864 1105 902 adhuc
1130 866 1272 902 amisso
1300 868 1436 903 castra
1466 864 1653 911 Roberto‚

733 931 936 980 Pluraque
964 932 1005 969 in
1024 932 1237 970 Austriaca
1268 933 1386 980 siqna
1415 932 1587 971 videnda
1617 932 1755 970 domo:

638 998 807 1047 Respice
834 1003 946 1048 teque
972 1003 1080 1037 retro
1106 998 1163 1036 bis
1191 1001 1322 1047 quinis
1348 1001 1488 1048 colliye
1518 1000 1570 1038 ab
1599 1000 1734 1048 annis,

566 1079 599 1104 5⁴
729 1065 910 1104 Invenies
933 1065 1115 1113 faustum
1145 1065 1252 1104 hane
1279 1068 1520 1106 constituisse
1548 1067 1660 1106 nihil.

639 1133 798 1181 Exiquo
824 1135 970 1181 quoties
997 1143 1228 1171 numerosas
1249 1135 1370 1173 milite
1395 1139 1546 1172 turmas

735 1200 928 1238 Fudimus
954 1204 993 1238 et
1011 1211 1147 1249 parva
1172 1202 1351 1239 maxima
1377 1206 1513 1240 castra
1538 1199 1689 1240 manu?

638 1267 723 1306 Scit
746 1267 883 1305 Padus
912 1270 951 1305 et
973 1269 1142 1316 propior
1167 1267 1345 1306 Mantooe
1371 1269 1557 1318 Myncius
1581 1269 1673 1307 urbi

568 1347 600 1372 ss
733 1335 858 1383 Atque
885 1336 1100 1373 Antenorei
1127 1339 1227 1374 tecta
1256 1336 1429 1384 superba
1453 1338 1572 1383 laris,

646 1401 766 1441 Testis
791 1406 830 1441 et
852 1413 1047 1451 oequoreoe
1075 1403 1212 1441 clades
1238 1404 1492 1454 lachrymosa
1519 1403 1743 1442 Ravennoe:

734 1470 823 1508 Heu
851 1471 963 1509 tellus
991 1475 1180 1519 quantum
1204 1473 1411 1519 sanquinis
1437 1473 1509 1510 illa
1536 1471 1650 1510 bibit:

638 1537 723 1576 Scit
760 1539 916 1576 Verona
944 1540 1026 1577 suis
1045 1550 1127 1588 per
1157 1549 1227 1577 nos
1255 1541 1469 1578 animosior
1498 1541 1641 1588 armis,

565 1617 598 1642 92
731 1605 813 1644 Nec
843 1607 952 1644 toties
976 1607 1082 1645 vinci
1108 1606 1261 1645 Brixia
1291 1606 1407 1645 docta
1436 1611 1573 1655 nepai,

639 1672 790 1710 Moenia
819 1684 892 1711 nec
917 1675 1074 1712 miseroe
1101 1665 1318 1723 quondam,
1345 1685 1452 1712 nunc
1478 1680 1598 1723 capta
1631 1674 1847 1721 Cremonce,

735 1739 817 1779 Nec
857 1740 1080 1780 Vicentinus
1109 1753 1182 1781 nec
1205 1742 1440 1780 Mutinensis
1466 1753 1589 1790 aqer,·

639 1807 738 1857 Ipsa
758 1809 947 1858 paludosi
975 1809 1221 1848 dominatrix
1240 1811 1351 1860 ‘lenta
1377 1808 1580 1864 profundi

569 1888 602 1914 96
734 1877 834 1915 Ante
862 1887 956 1915 suas
985 1878 1079 1925 leqit
1097 1877 1276 1925 fulmina
1303 1881 1439 1916 nostra
1467 1877 1625 1923 domus,-

639 1943 821 1992 Liniqeri
847 1945 974 1983 medio
1003 1945 1257 1993 trepidarunt
1282 1937 1450 1994 oequore
1467 1949 1622 1992 nautoe,

735 2010 972 2059 Linquentes
996 2012 1150 2061 pavida
1179 2014 1284 2050 retia
1312 2014 1429 2062 lapsa
1458 2023 1604 2058 manu,-

642 2078 757 2118 Nunc
785 2083 875 2117 erat
898 2080 1085 2118 utendum
1110 2084 1234 2129 parta
1263 2085 1317 2119 tot
1340 2091 1442 2130 pace
1461 2091 1542 2129 per
1567 2090 1692 2118 annos

552 2159 601 2184 100
649 2167 658 2173 -
733 2146 954 2195 Nostraque
977 2146 1110 2194 foelici
1134 2147 1263 2186 Roma
1294 2148 1483 2186 adeunda
1507 2149 1624 2197 pede.

643 2213 748 2253 Ecce
775 2216 881 2253 timet
907 2226 1027 2254 sacra
1047 2217 1202 2264 positus
1223 2215 1433 2264 Leoqallus
1460 2217 1501 2254 in
1529 2227 1625 2255 arce

737 2283 840 2320 Fors
868 2282 1130 2331 Capitolinum
1157 2293 1322 2331 surqere
1347 2293 1462 2332 posse
1486 2283 1641 2333 Iovem,

591 2401 594 2403 Δ
643 2349 748 2387 Ecce
777 2351 884 2387 timet
914 2350 1146 2399 Gallumque
1176 2354 1288 2388 vocat
1315 2351 1542 2399 dubitatque
1567 2361 1731 2388 manere

553 2429 602 2456 104
735 2415 815 2454 Sub
837 2417 991 2455 domino
1018 2417 1187 2456 Romam
1217 2418 1374 2456 Coesare
1400 2429 1515 2466 posse
1543 2429 1669 2456 suam.

643 2484 731 2522 Heu
757 2484 854 2533 Leo,
883 2487 1048 2524 caelestis
1077 2487 1242 2525 collator
1263 2487 1432 2536 provide
1460 2487 1595 2538 requi,

534 2687 563 2708 ⁷⁹
588 2687 754 2719 feliciter
770 2689 803 2718 5.
896 2686 923 2707 ⁸¹
948 2685 1055 2729 Rob.]
1082 2688 1124 2719 de
1148 2687 1289 2726 Marca,
1331 2689 1415 2720 duce
1438 2687 1662 2725 Bullionensi,
1701 2686 1836 2719 Erardi
1860 2686 2062 2719 Leodiensis
2090 2697 2110 2720 e

445 2745 540 2785 scopi
559 2743 693 2785 fratre,
720 2745 777 2785 qui
798 2742 1003 2775 Brabantioe
1026 2744 1155 2785 oppida
1178 2748 1382 2776 vastaverat.
1468 2742 1497 2764 ⁸²
1519 2741 1692 2775 Austfiea
1710 2745 1742 2775 5.
1843 2740 1872 2764 ⁸⁴
1895 2742 1991 2775 hanc
2014 2753 2081 2775 non
2194 2780 2195 2784 Ἰ

448 2799 502 2831 bet
518 2801 551 2831 2.
622 2797 824 2827 ⁸⁷·⁵‘1·⁹¹·³‘1⁴1·
848 2800 890 2831 de
909 2801 1034 2841 puynis
1057 2811 1089 2832 a.
1109 2801 1215 2832 1513.
1232 2810 1308 2843 sqq.
1333 2802 1524 2833 commissis.
1571 2799 1600 2820 ⁸⁷
1615 2800 1785 2842 Myncius
1808 2809 1930 2832 omnes.
1977 2797 2007 2834 3³⁸
2028 2799 2124 2831 Ante
2151 2840 2155 2842 Y
2194 2844 2195 2847 Ἴ

447 2859 549 2887 tecta
572 2854 674 2898 laris]
700 2856 884 2887 Patavium.
966 2853 994 2875 ⁸⁹
1018 2856 1215 2889 lacrimosa
1233 2859 1266 2888 5.
1339 2856 1433 2888 clad.
1452 2854 1558 2898 Rav.]
1584 2859 1618 2890 d.
1639 2855 1790 2898 ll.Apr.
1805 2866 1838 2887 a.
1850 2854 1947 2887 1512.
1993 2855 2040 2897 cf.
2194 2891 2196 2894 y

449 2913 595 2943 ciardim·
616 2912 692 2943 hist.
718 2911 800 2943 Ital.
825 2911 881 2943 lib.
898 2912 942 2943 X.
1028 2910 1058 2931 ⁹²
1074 2912 1186 2944 toties
1202 2913 1342 2946 victam
1357 2913 1486 2944 Brixia
1501 2911 1655 2954 pulchra
1670 2915 1786 2954 negat
1803 2913 1841 2944 3.
1854 2913 1924 2944 ..5.
1994 2910 2024 2932 ⁹⁵
2038 2911 2146 2959 palu,v

451 2964 598 3008 domin.]
641 2967 805 2998 Venetioe.
881 2967 910 2988 ³⁶
933 2980 974 3000 m.
991 2967 1088 3009 Sept.
1106 2979 1138 2999 a.
1158 2971 1264 3002 1513.
1341 2967 1386 2990 ¹⁰⁰
1409 2969 1515 3001 felici
1531 2970 1608 3000 45.
1686 2967 1726 2989 ¹⁰¹
1751 2969 1860 3000 timet
1880 2968 1994 3000 Latia
2018 2968 2120 3000 olaus

450 3021 661 3062 speculator
684 3022 722 3054 in
741 3023 862 3054 3...5.
934 3023 977 3044 ¹⁰²
999 3022 1107 3066 posce
1124 3026 1158 3056 2.
1236 3024 1280 3046 ¹⁰³
1303 3025 1376 3058 Leo
1390 3025 1436 3057 X.
1460 3026 1712 3058 cumLudovz'co
1724 3023 1818 3056 XII.
1839 3024 2008 3058 Gallorum
2028 3034 2110 3067 rege
2144 3018 2145 3021 ¹
2190 3014 2192 3016 ,

452 3077 484 3108 6.
505 3075 575 3108 Oct.
599 3087 631 3108 a.
652 3079 756 3110 1513.
781 3083 902 3110 contra
928 3080 1095 3113 Caesarem
1115 3085 1236 3123 pactus
1260 3085 1322 3113 est.
1370 3080 1414 3102 ¹⁰5
1434 3081 1521 3114 Heu
1543 3081 1614 3114 tibi
1637 3091 1668 3114 c.
1688 3081 1814 3114 3...4.

2135 3324 2193 3568 μαψ»
