2232 3568
357 1182 416 1213 §.¹.

357 1456 493 1502 §.zqui
524 1455 610 1490 mihi
641 1465 712 1489 non
744 1453 872 1489 favent.
932 1453 1034 1488 Mitto
1064 1451 1278 1499 Apologiam
1310 1464 1379 1500 qua
1409 1453 1611 1500 respondeo
1649 1453 1692 1488 iis
1729 1453 1789 1500 qui
1830 1463 1884 1487 me
1915 1450 2145 1487 traducebant
2213 1465 2218 1479 ·

356 1573 414 1605 §.3.
432 1567 574 1602 illorum
607 1566 839 1602 stoliditatem
878 1564 1097 1600 maliciosam
1136 1576 1342 1611 agnoscere.
1405 1562 1473 1607 Qui
1505 1565 1568 1601 has
1598 1565 1754 1612 perfert,
1795 1569 1850 1600 est
1881 1563 2058 1599 Huttenus
2087 1561 2144 1598 ille

358 1680 563 1727 §.⁴.ilignus
602 1690 740 1717 amore,
784 1678 852 1713 nisi
891 1677 996 1725 plane
1034 1676 1150 1713 fallor.
1210 1677 1280 1712 Pro
1317 1676 1468 1713 consilio
1508 1682 1571 1713 tuo
1609 1683 1682 1712 tum
1722 1677 1834 1712 amico
1866 1682 1940 1711 tum
1969 1673 2184 1723 prudentifn

425 175 521 232 306
563 192 915 225 ΟΧΧΧΥΙΙ.εΒΑε11.
927 200 974 221 AD
991 199 1138 221 Arma-21².
1167 189 1399 220 CXXXVIII.
1411 198 1590 220 E1vsn.An
1603 198 1914 220 Anoxsaumnnp.
1934 187 2124 224 CXXXDK.

424 310 569 356 loquar,
610 306 696 341 satis
733 315 799 352 per
837 315 874 338 se
911 302 1072 349 corriget
1111 301 1228 337 aetatis
1258 302 1427 337 accessio.
1487 300 1587 344 Quod
1617 301 1707 337 nihil
1737 308 1773 337 te
1802 307 2002 337 commovet
2030 303 2130 340 error

425 365 500 399 eius
533 362 593 408 qui
621 361 738 395 dicato
769 358 892 394 libello
923 357 1047 393 sedulo
1078 358 1194 393 verius
1234 368 1339 404 quam
1378 357 1575 404 prudenter
1613 357 1751 393 studuit
1787 357 1892 392 alteri
1928 356 2129 404 gratificati,

426 431 464 454 ea
505 428 562 452 res
602 415 687 450 mihi
726 414 879 450 animum
916 424 998 449 vere
1036 413 1214 449 excelsum
1253 418 1288 448 et
1319 418 1420 448 tanto
1451 413 1613 460 principe
1642 413 1789 460 dignum
1819 413 1950 460 arguit.
2006 412 2130 452 Munus

425 473 583 508 nondum
613 475 668 506 est
699 469 865 510 allatu1n;
910 469 971 504 ubi
1001 469 1181 506 redditum
1219 469 1306 509 erit,
1345 469 1431 504 mihi
1468 479 1610 516 semper
1647 474 1688 504 ut
1726 479 1784 504 res
1823 468 1998 517 quaepiam
2034 479 2131 507 saon

424 527 625 564 servabitur
655 531 763 572 atque
793 526 900 561 etiam
930 524 1172 561 ostentabitur
1202 530 1241 559 ut
1274 525 1324 560 tui
1355 536 1441 571 erga
1471 536 1526 560 me
1556 525 1663 560 animi
1694 525 1825 572 pignus
1855 524 1980 572 tuique
2008 524 2052 560 de
2075 529 2156 562 mot

426 583 541 619 iudicii
573 587 855 617 mouumentum.
901 581 992 616 Bene
1022 580 1137 615 valeat
1168 585 1227 616 tua
1258 580 1477 620 sublimitas,
1509 580 1565 616 cui
1597 591 1738 628 semper
1768 579 2037 616 commendatus
2055 591 2134 618 esse

423 639 542 686 cupio.
601 638 817 685 Antverpiae.
849 636 961 673 xvlll.
993 636 1133 672 Caleud.
1165 636 1346 684 Septemb.
1378 637 1481 672 Anno
1512 636 1693 671 Muxlx.

474 926 484 970 [
500 929 516 958 ¹?
532 925 543 969 ]
1107 910 1446 961 CXXXVIII.
1887 920 1967 964 [1³5³]
1985 932 2019 954 A.
2039 903 2128 962 151,θῇ
2212 935 2215 940 ·

1113 1027 1316 1064 ERASMVS
1345 1027 1444 1063 ROT.

668 1093 711 1128 R.
736 1093 777 1124 P.
804 1091 998 1124 ALOISIO
1024 1091 1275 1123 MARLIANO
1300 1091 1537 1124 EPISCOPO
1564 1090 1774 1123 TVDENSI
1799 1090 1834 1122 S.
1859 1092 1905 1123 D.
2141 1092 2178 1126 Ὦ

541 1175 709 1210 Maiorem
749 1174 782 1208 in
826 1173 969 1208 modum
1008 1173 1164 1220 gaudeo,
1204 1173 1399 1209 reverende
1435 1178 1557 1220 pater,
1597 1172 1866 1220 amplitudinem
1907 1176 2002 1207 tuam
2040 1170 2140 1208 nobis

430 1243 508 1267 esse
539 1231 729 1269 redditam,
768 1240 812 1264 ne
852 1228 972 1264 nullus
1011 1228 1096 1264 mihi
1135 1234 1310 1275 patronus
1350 1229 1395 1264 sit
1437 1229 1471 1264 in
1503 1229 1600 1268 aula,
1639 1234 1874 1276 posteaquam
1906 1227 1995 1263 obiit
2025 1223 2141 1275 Sylva·
2200 1256 2201 1259 ,

430 1288 526 1335 gius,
559 1298 622 1322 nee
653 1285 759 1322 rediit
788 1284 990 1320 Barhirius:
1037 1296 1153 1331 neque
1185 1284 1278 1319 enim
1308 1284 1451 1324 dubito,
1493 1285 1579 1332 quin
1610 1296 1690 1320 eum
1721 1285 1875 1320 animum
1914 1283 1963 1319 sis
1998 1287 2142 1331 praesta-

432 1350 534 1379 turus
564 1342 727 1381 Erasmo‚
768 1352 874 1389 quem
904 1341 1077 1376 haetenus
1108 1351 1250 1388 semper
1280 1339 1500 1388 praeststisti,
1541 1352 1646 1389 quem
1683 1341 1800 1388 ipsum
1839 1351 1911 1375 non
1950 1345 2020 1379 tam
2057 1338 2141 1375 mihi

431 1397 619 1447 praestabis
650 1409 755 1445 quam
787 1397 932 1444 optimis
963 1397 1111 1435 studiis,
1153 1395 1283 1443 quibus
1315 1397 1484 1444 quoniam
1514 1397 1673 1445 impense
1704 1397 1824 1436 faveo,
1867 1395 2000 1431 multos
2029 1393 2141 1431 habeo
2153 1401 2181 1429 15

431 1511 523 1559 apud
561 1510 751 1558 populum,
792 1509 887 1557 quod
925 1509 1113 1545 vertissem
1145 1508 1194 1543 ‘In
1224 1509 1402 1556 principio
1438 1515 1515 1544 erat
1545 1509 1686 1545 sermo’.
1746 1508 1800 1544 vel
1832 1520 1873 1543 ex
1901 1507 1965 1542 hac
1996 1505 2144 1542 re'licet

434 1623 708 1659 facundissimus
740 1633 850 1669 eques
881 1627 916 1657 et
948 1627 1072 1657 orator
1102 1620 1380 1661 bellacissimus,
1413 1621 1548 1657 iuvenis
1579 1620 1817 1657 candidissimi
1847 1619 2005 1667 pectoris
2025 1623 2062 1654 et
2082 1623 2142 1654 tuo

434 1735 529 1783 quod
560 1746 601 1770 ex
630 1734 781 1769 Barhirii
811 1733 927 1769 literis
958 1734 1094 1781 accepi,
1135 1733 1285 1780 gratian]
1317 1733 1450 1771 habeo.
1490 1739 1525 1769 et
1556 1734 1694 1768 animus
1730 1738 1786 1768 est
1816 1732 1930 1779 sequi.
1989 1730 2146 1767 Adissem

435 1793 510 1839 ipse
542 1791 579 1826 R.
604 1791 641 1826 T.
663 1791 713 1830 Ρ.,
746 1790 807 1826 sed
839 1790 952 1825 adhuc
985 1789 1114 1825 tenella
1147 1794 1201 1824 est
1232 1788 1419 1829 valetudo,
1452 1801 1531 1825 uam
1561 1795 1670 1825 {estus
1694 1789 1881 1836 superior,
1913 1798 2019 1835 quem
2039 1785 2147 1822 Phae-

436 1848 522 1883 thon
555 1847 686 1894 opinor
715 1858 841 1882 rursus
872 1846 1037 1882 admotus
1069 1845 1156 1881 solis
1186 1845 1307 1881 currui
1337 1845 1442 1881 nohis
1473 1846 1671 1885 invexerat,
1703 1856 1758 1881 me
1787 1843 2046 1892 propemodum
2067 1852 2148 1878 con-

436 1903 530 1938 fecit.
592 1903 682 1938 Bene
713 1903 828 1938 valeat
858 1903 897 1938 R.
921 1902 958 1937 T.
980 1902 1017 1937 Ρ.
1050 1902 1105 1938 cui
1137 1912 1193 1937 me
1223 1901 1338 1937 modis
1371 1901 1537 1937 omnibus
1567 1901 1788 1938 commendo.
1848 1899 2031 1935 M.D.xlx.

437 2024 668 2055 CXXXVIII.
699 2022 778 2054 l...5
794 2036 839 2049 z
855 2022 970 2054 Indic.
990 2022 1160 2065 bibliogr.
1179 2033 1214 2054 n.
1233 2022 1376 2059 53,1...5.
1443 1994 1474 2064 1)
1500 2034 1534 2064 p.
1553 2021 1629 2054 509.
1708 2022 1743 2063 2)
1769 2033 1802 2063 p.
1821 2020 1898 2053 451.
1962 2007 1996 2061 3)
2021 2030 2055 2062 p.
2072 2016 2188 2052 430.2⁵

435 2080 471 2121 4)
496 2091 530 2122 p.
549 2078 626 2111 6215.
646 2079 746 2110 xm.
768 2077 819 2110 18.
898 2078 932 2119 5)
960 2078 1028 2110 eol.
1047 2077 1123 2110 538.
1150 2089 1184 2110 n.
1205 2089 1404 2111 ccccxcnI.
1483 2077 1504 2110 6
1527 2091 1572 2106 :-
1596 2079 1740 2110 Erasmi
1765 2078 1856 2119 Epp.
1884 2076 2011 2108 select.
2037 2073 2148 2107 Basil.

1108 2133 1205 2166 1719.
1224 2134 1270 2166 8⁰.
1290 2146 1324 2176 p.
1344 2134 1420 2167 333.
1439 2145 1492 2176 sq.
2112 2135 2119 2141 '

462 2347 669 2369 REBDORFF.
1112 2324 1929 2375 CXXXVHH.14.
1949 2345 2028 2367 ocw.
2049 2338 2127 2366 ¹519.

869 2428 1072 2464 KtLMNVS
1102 2429 1198 2465 LEIB
1226 2431 1359 2467 PRIOR
1388 2429 1736 2466 REBDORFFENffls
1843 2479 1845 2482 .

842 2494 1109 2526 BILIBALDO
1150 2494 1523 2527 PIRCKHEIMERO
1565 2494 1599 2526 s.
1632 2495 1673 2526 P.
1706 2495 1750 2526 D.
2157 2485 2189 2513 ⁸⁰

554 2564 652 2600 Inter
680 2575 766 2604 nos,
799 2564 867 2599 nisi
898 2565 1070 2600 memoria
1100 2564 1253 2601 forsitan
1285 2565 1432 2605 excidit,
1467 2565 1599 2601 dudum
1628 2569 1844 2600 convenerat
1874 2562 2038 2611 epistolis
2067 2567 2152 2598 tem-

442 2632 569 2668 perare
601 2620 815 2660 scribendis,
856 2631 972 2667 neque
1003 2621 1111 2656 horas
1143 2633 1221 2668 quae
1251 2622 1323 2657 cito
1364 2621 1468 2656 nimis
1499 2621 1676 2668 nimisque
1706 2620 1896 2660 labuntur,
1935 2616 2152 2655 ostentandae

445 2677 658 2713 eruditionis
694 2676 892 2724 deperdere
929 2677 1046 2723 gratia
1077 2705 1526 2712 ...............
1585 2677 1706 2724 Nuper
1743 2676 1986 2724 e'Ratispona
2023 2674 2065 2710 ad
2099 2682 2152 2710 me

699 2765 952 2806 cxxxvim.
983 2776 1192 2806 Heumann.
1219 2775 1349 2816 (Indic.
1369 2775 1540 2817 bibiiogr.
1560 2785 1593 2807 n.
1614 2774 1684 2816 το.)
1703 2786 1737 2816 p.
1755 2774 1832 2806 267.
1853 2784 1906 2816 sq.

535 2864 550 2884 ⁷
573 2864 776 2906 Antuerpia
803 2863 854 2896 16.
873 2864 1045 2906 Augusti,
1073 2865 1176 2897 Anno
1204 2864 1300 2897 1519.
1326 2867 1360 2897 2.

536 2919 549 2938 ⁹
581 2930 663 2951 nor.
690 2930 723 2951 R.
743 2931 774 2952 Ρ.
798 2923 891 2952 omis.
909 2923 941 2953 2.
961 2932 1035 2963 sqq.
1146 2920 1173 2941 ¹⁶
1196 2919 1317 2963 Apol.]
1345 2923 1378 2953 in
1403 2921 1541 2953 Erasmi
1558 2920 1643 2962 Opp.
1661 2921 1771 2953 Bassi.
1793 2921 1897 2952 1540.
1911 2920 1974 2962 fol.
1993 2924 2067 2952 tom.
2087 2916 2153 2950 Ix.
2175 2931 2190 2937 ⁴·

448 2985 482 3016 p.
500 2974 675 3006 95....104.
747 2976 774 2996 ¹⁹
797 2977 1062 3009 bellatissimus
1082 2978 1113 3007 1.
1189 2974 1218 2995 ²²
1243 2987 1276 3009 n.
1297 2988 1329 3009 Τ.
1348 2975 1395 3019 1>.]
1422 2981 1460 3009 te
1484 2979 1520 3009 2.
1540 2987 1617 3019 sqq.
1695 2976 1724 2997 ²⁴
1746 2977 1848 3008 Bene
1922 2970 2153 3016 commendo-J

449 3031 549 3062 Bene
576 3031 669 3063 vale.
690 3033 723 3063 2.
740 3043 814 3075 sqq.
908 3034 1012 3065 Anno
1032 3032 1128 3065 1519.
1149 3035 1180 3064 5.
1360 3021 1362 3024 ,
