2078 3469
111 255 265 287 CLXIV.
286 264 393 285 HVTT.
413 263 461 284 AD
478 264 614 285 AMORB.
635 264 690 285 ΕΡ.
718 254 856 286 CLXV.
877 265 1035 286 LVTHER.
1056 264 1102 285 AD
1123 264 1384 286 SPALAT1N.EP.
1402 260 1476 286 D.
1494 264 1570 285 MAI.
1589 260 1664 285 1520.
1715 244 1810 290 345

108 366 255 405 Erasini
286 365 517 415 scripseram
550 365 921 415 congratulationem
952 367 999 404 de
1030 367 1155 404 reditu
1187 367 1232 404 ad
1264 379 1345 404 nos.
1407 367 1611 405 Eduardus
1641 368 1690 405 ita
1722 379 1813 405 con-

107 432 187 470 silio
229 443 314 469 meo
352 432 576 469 tractandus
615 436 690 476 est,
732 438 774 471 ut
813 438 1050 483 cognoscant
1086 433 1146 471 alii
1186 434 1366 471 studiosis
1404 433 1583 472 omnibus
1621 435 1811 484 ingratum

110 498 235 537 facere
267 510 374 541 eum,
408 499 472 548 qui
493 499 653 536 Erasmo
684 501 731 537 sit
761 499 956 538 molestus
1004 501 1247 538 Antimornm
1268 500 1449 538 Germani
1471 501 1588 539 Brixii
1619 513 1696 539 non
1727 501 1812 539 vidi.

111 564 237 611 Qualis
268 564 390 614 qualis
422 569 497 608 est,
530 565 616 603 odio
648 566 806 615 dignum
832 572 944 616 puto,
978 571 1091 617 atque
1122 568 1247 617 ipsum
1278 568 1479 606 authorem
1510 570 1685 618 suspicor
1716 581 1812 611 esse,

81 631 238 682 5quales
269 630 371 680 apud
401 643 471 668 nos
501 630 620 669 Italici
650 634 803 680 generis
834 633 942 671 multi
964 634 1101 682 perditi
1123 633 1336 672 nebulones
1358 635 1582 684 divagantur
1604 637 1669 685 qui
1691 636 1813 673 frusto

108 699 214 748 panis
246 698 408 735 conduci
441 702 621 747 possunt,
654 703 695 736 ut,
727 701 785 737 cui
808 699 864 737 vel
886 700 1018 738 laudes
1041 701 1290 744 concinnent,
1325 701 1379 738 vel
1401 701 1601 740 maledicta
1623 704 1811 751 ingerant,

108 764 237 815 quales
281 769 370 802 sunt
407 764 585 802 Sbrulius
625 770 661 802 et
699 765 966 811 Barthohnus,
1009 766 1184 804 homines
1225 772 1394 805 extreme
1434 768 1558 813 leves,
1598 774 1635 807 et
1674 769 1811 807 futiles.

106 830 254 870 Morum
293 844 360 869 sna
405 832 574 870 [uehitur
613 833 857 880 magnitudo,
905 845 1060 883 sumque
1099 833 1230 871 literae.
1301 834 1435 884 Neque
1480 848 1556 873 non
1601 836 1722 873 aderit
1761 836 1813 874 illi

105 902 231 936 tamen
270 903 445 936 nostrum
485 900 598 937 etiam
638 900 864 949 suffragium
905 900 1029 950 siquid
1060 900 1257 949 indigebit.
1319 901 1437 951 Cupio
1468 906 1505 939 te
1544 907 1649 941 recte
1688 903 1814 941 valere

68 973 98 999 ιο
110 964 165 1003 Ex
195 965 390 1014 Moguntia
420 979 470 1017 ιιι]
503 963 579 1005 Nos
609 966 695 1017 Maij

664 1033 739 1072 Per
770 1044 1064 1077 amanuensem,
1096 1034 1247 1083 raptim.

126 1288 420 1310 WITTEMBERGAE.
855 1266 1055 1315 CLXV.
1496 1289 1504 1295 ”
1564 1287 1591 1312 5.
1611 1290 1689 1312 MAI.
1710 1287 1788 1313 1520.

705 1380 944 1432 [MARTINYS
974 1380 1220 1432 LVTHERVS]

504 1449 583 1475 svo
617 1450 658 1475 IN
691 1450 859 1475 DOMINO
894 1449 1153 1475 anfflssmo
1187 1450 1404 1476 MAGISTRO

65 1501 93 1526 15
699 1503 914 1535 GEORGIO
943 1504 1210 1535 SPALATINO

319 1560 562 1587 DVCALIBVS
595 1561 620 1586 A
654 1561 802 1587 SACRIS
836 1563 888 1586 ET
920 1562 1089 1587 LITERIS
1123 1562 1417 1588 INTEGERRIMO
1451 1562 1599 1589 AMIOO.

869 1646 1044 1679 IHESVS.

215 1717 383 1754 Salutem.
443 1718 544 1753 Mino
582 1718 706 1754 literas
742 1719 783 1754 ad
815 1719 933 1754 Vitum
971 1718 1126 1759 Bildum,
1168 1720 1215 1754 mi
1256 1719 1456 1767 Spalatine,
1500 1732 1569 1756 una
1603 1733 1683 1756 cuin
1720 1722 1816 1757 Petri

103 1774 279 1821 Aquensis
310 1773 444 1815 literis,
477 1774 569 1810 sicut
596 1775 782 1811 mandavit.
835 1775 1010 1815 Huttcno,
1042 1775 1218 1816 Fabritio,
1250 1775 1434 1816 Pelicano,
1466 1776 1610 1812 Erasmo
1644 1777 1816 1825 scriptum

105 1894 240 1927 CLXV.
271 1895 286 1926 l
305 1907 351 1922 z
366 1895 521 1926 Lutheri
540 1906 619 1937 epp.
649 1895 778 1935 (Indic.
799 1895 887 1926 bibl.
908 1906 942 1927 n.
962 1895 1062 1935 57,1.)
1089 1897 1116 1927 Ι.
1145 1896 1207 1927 fol.
1228 1895 1303 1927 264.
1377 1898 1396 1927 *2
1414 1909 1459 1924 Ξ
1476 1897 1563 1928 ibid.
1583 1897 1667 1936 5774.
1688 1909 1720 1939 p.
1740 1898 1815 1929 445.

281 1961 333 1992 sq.
362 1950 596 1991 (Germanice
624 1955 725 1982 extat
749 1954 782 1983 in
808 1952 954 1982 Lullzers
979 1951 1152 1991 Schriften
1178 1962 1237 1983 zion
1271 1953 1401 1983 H'aleh.
1429 1953 1524 1983 XXI.
1544 1952 1637 1993 692.)

192 2040 201 2060 ¹
228 2052 351 2073 comma
372 2046 451 2082 post
468 2043 688 2083 scripseram
706 2042 749 2073 Α.
822 2040 1024 2083 Eduardus]
1044 2042 1151 2073 Lens.
1223 2041 1235 2060 ³
1263 2041 1447 2084 Germani]
1469 2042 1653 2075 Gerucani
1670 2046 1702 2075 2.
1731 2044 1817 2075 Ger-

103 2107 230 2128 manus
247 2098 392 2129 Brixius
418 2095 589 2134 (Germaz'n
609 2099 649 2129 cle
667 2098 766 2137 Brz'eJ)
792 2098 1140 2137 Autissiodorensis,
1170 2098 1368 2129 canonicus
1386 2099 1607 2130 Parisiensis
1634 2099 1671 2140 (ἦ-
1692 2100 1815 2137 1550),

106 2154 254 2195 eiusque
279 2153 487 2185 Antimorus
513 2154 559 2184 iis
585 2154 765 2196 incogniti
790 2165 860 2185 non
886 2156 968 2185 sunt
1001 2155 1059 2194 qui
1086 2154 1275 2185 Erasmum
1300 2155 1510 2196 Morumque
1542 2160 1684 2187 norunt.
1734 2157 1817 2188 vide

104 2210 256 2251 imprim.
284 2210 429 2241 Erasmi
463 2210 508 2240 ad
532 2211 672 2241 Morum
708 2210 901 2251 epistolam
929 2210 1141 2250 ‘Sperabam
1172 2220 1271 2241 meas
1304 2209 1444 2241 literas'
1477 2211 1550 2242 dat.
1570 2212 1742 2253 Antverp.
1762 2211 1814 2243 26.

103 2265 185 2307 Apr.
207 2265 303 2297 1520.
338 2265 465 2305 (Basil.
495 2265 591 2296 1540.
613 2266 674 2297 fol.
694 2267 760 2297 III.
791 2277 823 2307 p.
843 2265 920 2297 480.
940 2276 991 2306 sq.
1041 2267 1132 2307 Epp.
1158 2266 1274 2308 Lugd.
1301 2267 1382 2296 Bat.
1406 2265 1499 2297 1706.
1529 2266 1590 2297 fol.
1617 2278 1649 2307 p.
1670 2267 1745 2297 5-17.
1765 2278 1816 2308 sq.

102 2331 196 2352 num.
216 2321 316 2359 ΜΠ.)
345 2325 380 2353 et
404 2322 497 2353 Mori
524 2322 569 2353 ad
592 2323 783 2353 Erasmum
811 2322 1058 2362 ‘Antimorus‚-
1075 2323 1124 2352 mi
1142 2322 1304 2352 Erasme'
1331 2322 1404 2352 dat.
1423 2321 1580 2352 Londini
1609 2321 1703 2352 1520.
1732 2323 1815 2361 (Ba-

102 2377 158 2409 sil.
177 2378 243 2409 III.
262 2389 295 2419 p.
316 2376 394 2409 490.
415 2388 491 2419 sqq.
540 2378 656 2419 Lugd.
676 2379 758 2409 Bat.
778 2389 812 2419 p.
832 2376 907 2408 611.
929 2388 1003 2418 sqq.
1024 2388 1118 2408 num.
1139 2378 1237 2417 ΜΝ.)
1266 2394 1269 2397 -
1308 2376 1321 2395 5
1347 2377 1463 2418 qualis
1483 2379 1512 2407 2'72
1526 2378 1567 2409 A.
1585 2388 1657 2408 esse
1675 2379 1815 2409 videtur.

102 2432 116 2452 ⁷
139 2432 316 2475 Sbrulius]
344 2433 525 2465 Sbudinus
550 2435 583 2464 2.
634 2434 829 2465 Ricardum
857 2434 1038 2464 §brulium
1063 2434 1279 2464 Ytinensem
1305 2433 1408 2463 multi
1436 2433 1512 2463 eius
1539 2433 1710 2474 temporis
1738 2444 1815 2465 eru—

103 2488 168 2520 diti
191 2489 367 2528 homines,
395 2490 605 2530 TrebeHus,
634 2489 860 2528 Scheurlius,
887 2490 1077 2527 Erasmus,
1115 2488 1196 2526 alii,
1230 2488 1352 2518 nimiis
1378 2487 1546 2518 laudibus
1573 2488 1816 2528 extollebant3

105 2545 181 2576 eius
216 2546 378 2576 carmina
411 2546 604 2576 maximam
637 2548 779 2586 partem
815 2545 1048 2575 conducticia
1074 2547 1262 2574 enumerat
1286 2544 1315 2574 I.
1334 2543 1375 2574 A.
1394 2543 1590 2575 Fabricius
1614 2544 1708 2575 Bibl.
1732 2546 1815 2578 Lat.

102 2601 193 2632 med.
214 2604 250 2632 et
266 2601 330 2632 inf.
351 2605 410 2632 aet.
430 2601 631 2641 Hamburg.
654 2598 750 2630 1746.
770 2599 816 2630 8⁰.
837 2604 921 2630 tom.
940 2600 1002 2630 VI.
1029 2611 1062 2641 p.
1082 2598 1158 2630 240.
1178 2609 1267 2640 sqq..
1294 2600 1357 2630 nbi
1376 2600 1509 2630 omissa
1529 2604 1583 2630 est
1608 2610 1815 2639 „RICHARDI

104 2666 227 2688 SBVLII
255 2655 326 2698 [sic]
354 2654 612 2697 ponowmlani
637 2656 783 2696 Equitis
808 2655 1015 2686 liberalium
1048 2653 1322 2696 disciplinarum
1348 2653 1552 2695 do—[ctorisx
1585 2654 1614 2686 δι
1638 2655 1814 2697 professo-

103 2712 168 2743 ris:
194 2713 232 2743 in
256 2712 457 2744 Academia
479 2711 483 2751 1
504 2711 843 2742 Franckfordiana:
870 2711 995 2741 Poetae
1021 2709 1049 2742 &
1075 2708 1240 2751 orastoris
1269 2709 1404 2741 clariss.
1432 2711 1666 2742 Theocharis.
1689 2710 1723 2751 [''
1759 2714 1815 2743 cui

105 2768 250 2799 adiecta
277 2771 330 2799 est
358 2768 402 2799 ad
428 2767 694 2799 Theodericum
718 2767 968 2798 Lubusianum
996 2766 1200 2797 antistitem
1228 2766 1369 2808 elegia,
1397 2767 1585 2807 praemissa
1611 2770 1733 2798 autem
1760 2778 1814 2809 ep.

49 2827 52 2831 “
105 2823 149 2854 ad
172 2823 359 2855 Albertum
384 2823 774 2865 Brandenburgensem
799 2822 1136 2862 Theodoricumque
1164 2822 1264 2864 illum
1291 2832 1322 2852 a.
1346 2821 1443 2853 1521.
1462 2822 1559 2853 data.
1609 2824 1654 2853 22
1676 2824 1737 2863 fol.
1766 2824 1814 2856 4⁰.

102 2889 128 2910 s.
147 2882 167 2910 l.
187 2883 219 2910 et
236 2890 266 2910 a.
338 2881 394 2911 De
419 2879 632 2911 Bai-tholino
665 2879 755 2910 satis
789 2889 895 2919 quam
926 2888 997 2909 non
1029 2880 1169 2908 amaret
1193 2877 1394 2917 hominem,
1427 2878 1610 2910 Huttenus
1637 2881 1815 2921 expressit

105 2943 159 2975 ep.
183 2935 298 2967 Paulo
324 2935 430 2967 Ricio
457 2935 489 2966 d.
518 2934 568 2966 13.
588 2935 677 2966 Nov.
707 2933 804 2965 1518.
829 2934 927 2965 data.
999 2933 1011 2953 ὃ
1042 2934 1181 2964 Morum
1209 2933 1264 2973 (P)
1292 2933 1459 2964 turbatur
1482 2936 1514 2965 2.
1587 2934 1718 2977 aderit]
1752 2936 1814 2967 ad-

105 2990 152 3021 sit
167 2992 200 3022 2.
273 2990 300 3011 ¹⁰
324 2992 437 3023 Nonis
454 2993 488 3022 2.

192 3046 219 3067 ¹⁸
249 3047 355 3078 Vitus
385 3047 468 3079 Bild
498 3045 781 3087 Acropolitanus
815 3045 1000 3077 coenobita
1032 3045 1128 3086 apud
1158 3044 1192 3076 S.
1220 3044 1383 3076 Ulrieum
1416 3048 1452 3077 et
1481 3046 1608 3078 Afrani
1638 3047 1814 3091 Augustae
1853 3038 1855 3041 .

104 3101 264 3142 Vindel.‚
291 3103 524 3135 astronomiae
551 3103 745 3133 studiosus.
818 3100 844 3120 ¹⁹
868 3101 1061 3141 Fabricio,
1087 3100 1297 3141 Pellicano‚
1326 3102 1358 3133 2.
