2232 3568
395 195 491 241 344
542 201 703 234 CLXIII.
732 208 862 230 smoiu.
882 207 929 228 AD
948 206 1095 227 nmivnr
1120 206 1175 226 ΕΡ.
1226 195 1383 226 CLXIV.
1412 205 1519 226 HVTT.
1538 204 1586 225 AD
1609 205 1745 226 AMORE.
1764 205 1820 226 ΕΡ.
1840 206 1874 227 1).
1893 201 1919 226 4.
1938 207 2003 228 mu
2023 203 2097 231 1:120.

395 317 612 364 eloquentur
637 313 714 348 viri.
754 312 882 346 Verum
914 321 957 345 ne
990 310 1057 345 hoc
1089 308 1262 356 temporis
1294 307 1444 343 articulo
1470 307 1559 343 nihil
1586 308 1627 343 ad
1660 313 1693 343 te
1724 308 1880 348 mittam,
1909 309 2002 346 hunc
2030 322 2102 347 ser-

395 384 535 409 monem
570 380 685 404 meum
724 366 863 413 accipe,
904 376 1019 413 nuper
1058 364 1094 399 in
1125 364 1221 400 Petri
1260 363 1444 399 Mosellani
1478 363 1740 399 florentissimaer
1778 365 1883 399 huius
1911 365 2102 404 Academiae

396 434 529 464 nostrie
560 422 798 460 moderatoris
828 421 967 457 laudem
997 420 1204 468 panegyrici
1231 420 1303 455 vice
1329 431 1347 455 a
1373 430 1427 455 ine
1450 419 1611 455 habitum
1637 447 1926 454 ..........
1966 421 2102 469 Lipsiae.

397 482 560 518 Calendis
584 479 705 515 Iuniis.
751 479 864 513 Anno.
886 477 1054 512 M.n.xx.

517 601 639 632 IDEM
664 599 715 630 IN
741 597 966 630 SERMONE
993 594 1300 628 PANEGYRICO
1326 595 1484 626 PETRO
1510 594 1802 626 MOSELLANO
1827 595 1988 627 DICTO.
2116 607 2132 633 5

513 709 520 716 .
546 709 552 715 .
580 709 587 715 .
613 709 619 715 .
666 680 751 723 Quis
782 679 927 715 omnino
957 684 1011 714 est
1041 678 1076 712 iu
1103 677 1307 716 Germania,
1348 682 1388 712 ut
1418 676 1560 712 interim
1588 677 1630 712 de
1659 675 1790 711 exteris
1819 675 1961 716 sileam,
2000 675 2108 713 hone-

398 744 534 774 starum
560 736 746 772 literarum
776 746 848 770 non
877 735 956 771 (lieo
984 734 1136 781 peritus,
1179 733 1239 768 sed
1272 732 1533 780 elegantiarum
1561 744 1680 768 rerum
1713 744 1785 779 prae
1815 731 1946 768 ceteris
1976 732 2108 770 studio-

400 807 480 833 sus,
516 793 576 841 qui
615 804 686 827 non
725 792 760 826 iu
798 791 914 838 aliqua
948 789 1143 826 foelicitatis
1178 801 1250 825 suze
1277 795 1378 836 parte
1410 794 1521 836 ponat
1545 789 1689 834 Petrum
1722 788 1954 824 Mosellanum
1982 787 2108 826 habere

401 850 574 886 amicum?
620 848 715 891 Quot
743 853 862 883 autem
893 852 995 886 sunt,
1033 847 1094 893 qui
1128 845 1254 893 procul
1283 845 1418 884 dissiti,
1456 845 1549 880 liunc
1579 844 1622 880 de
1647 844 1734 880 facie
1762 845 1941 891 ignotum,
1975 849 2109 882 tantum

401 918 442 942 ex
475 907 566 942 sama
595 910 630 940 et
661 904 763 939 libris
791 903 994 950 cognitum,
1024 901 1121 938 ultro
1151 912 1268 937 amare
1293 901 1506 948 coeperuut?
1547 900 1643 944 Quos
1674 900 1879 947 singulatim
1910 908 2150 942 recensere‚t⁰

402 963 497 998 aliud
528 966 623 997 esset
651 960 755 999 nihil,
799 971 902 1007 quam
933 969 1166 1002 sunnnorum
1183 957 1380 993 Germania¹
1406 957 1589 992 hominum
1620 956 1823 1003 catalogum
1851 962 1992 996 texere,
2018 956 2111 992 Unus

402 1030 468 1067 pro
506 1016 628 1053 inultis
663 1016 833 1055 sufficiat,
877 1015 1116 1052 clarissimum
1151 1013 1237 1049 illud
1275 1013 1461 1049 literarum
1500 1012 1620 1048 lumen
1653 1012 1838 1051 Erasinus,
1881 1004 1987 1060 quarn
2022 1011 2114 1050 hunc

403 1080 569 1110 nostrum
599 1071 832 1108 Mosellanmn
864 1077 970 1111 amet,
1011 1070 1133 1118 quanti
1165 1081 1245 1106 eum
1280 1069 1402 1110 saciat,
1442 1074 1574 1116 quanto
1604 1068 1680 1104 eius
1714 1068 1904 1116 desyderio
1941 1072 2112 1110 teneatur,

404 1130 535 1166 indicio
574 1134 658 1163 sunt
697 1127 749 1163 vel
790 1127 886 1163 illius
936 1127 977 1162 ad
1014 1127 1108 1161 hunc
1147 1125 1311 1173 epistolae
1352 1125 1483 1161 amoris
1528 1130 1564 1161 et
1605 1125 1724 1161 iudicii
1767 1121 2114 1160 honorificentissimi

405 1191 516 1221 testes
547 1184 782 1232 plenissimae‚
823 1183 876 1218 vel
905 1183 999 1230 quod
1038 1193 1152 1229 nuper
1189 1193 1269 1217 cum
1298 1181 1442 1217 Lovanii
1482 1180 1518 1216 in
1556 1182 1745 1216 doctorum
1780 1180 1919 1228 aliquot
1956 1179 2153 1216 conviviots

405 1242 512 1277 liuius
539 1240 672 1276 mentio
704 1240 796 1275 sacta
826 1245 939 1278 esset,
981 1237 1180 1273 testabatur
1209 1248 1272 1272 sua
1298 1237 1411 1284 ipsius
1443 1248 1544 1275 voce,
1585 1236 1720 1272 nullius
1752 1235 1915 1272 mortalis
1955 1236 1990 1270 in
2029 1247 2116 1284 prae-

407 1297 521 1333 s'entia
552 1308 653 1343 aeque
682 1307 719 1331 se
750 1306 830 1331 esse
861 1294 1047 1342 cupidum,
1078 1305 1116 1328 ac
1146 1293 1243 1328 Petri
1271 1292 1468 1329 Mosellam.
1522 1293 1676 1328 Obsecro
1708 1293 1802 1340 quod
1833 1292 1979 1327 ulterius
2007 1291 2118 1328 laudis

407 1352 652 1389 testimonium
683 1351 737 1387 vel
764 1356 889 1399 optare
917 1351 1134 1398 possumus?
1180 1349 1362 1397 Siquidem
1389 1361 1428 1384 ea
1469 1349 1610 1385 demum
1646 1360 1727 1384 vera
1765 1360 1803 1384 ac
1844 1359 2013 1395 germana
2044 1347 2118 1384 laus

407 1415 481 1449 est,
512 1420 590 1456 quae
617 1407 857 1455 proficiscitur
885 1419 904 1442 a
935 1405 1194 1442 laudatissimo.
1255 1405 1329 1441 Hoc
1359 1404 1439 1441 loco
1461 1404 1515 1439 vix
1538 1411 1655 1440 tacere
1685 1416 1849 1452 possum,
1883 1410 1920 1439 ut
1943 1402 2119 1451 equestris

409 1465 562 1503 ordinis,
595 1464 643 1499 ita
669 1469 704 1499 et
728 1463 914 1499 literarum
939 1463 1046 1497 decus
1068 1461 1250 1497 Ulrichuin
1272 1461 1488 1500 Hutlienuni,
1514 1461 1666 1496 duorum
1686 1466 1783 1496 certe
1805 1459 2002 1495 Germaniae
2028 1465 2159 1495 sum-²⁰

409 1532 549 1557 morum
575 1520 777 1567 principum
804 1518 942 1554 Alberti
972 1517 1258 1553 reverendissimi
1289 1516 1484 1553 Cardinalis
1516 1516 1750 1564 Moguntiaci,
1787 1515 1922 1552 domini
1957 1515 2025 1551 mei
2055 1509 2145 1551 cle-⁹

410 1576 641 1616 mentissimi‚
682 1587 721 1611 ac
754 1574 974 1611 serenissimi
1005 1574 1158 1609 Austriae
1188 1573 1387 1609 archiducis
1418 1573 1632 1608 Ferdinandi
1664 1572 1775 1608 incliti
1814 1572 1910 1619 regis
1941 1571 2122 1619 Hispania-

409 1645 506 1673 rum,
540 1644 579 1668 ac
609 1632 849 1668 Romanorum
882 1630 1004 1667 fratris
1035 1642 1054 1665 a
1081 1629 1254 1666 consiliis.
1315 1629 1345 1664 is
1376 1629 1470 1664 hunc
1499 1634 1662 1664 nostrum
1694 1628 1926 1664 Mosellanum
1957 1626 2005 1673 (id
2033 1626 2123 1674 quod

410 1689 495 1724 mihi
527 1687 854 1735 compertissimum
883 1686 951 1733 est)
980 1686 1030 1722 sic
1056 1691 1169 1726 amat,
1199 1690 1239 1720 ut
1270 1685 1330 1733 qui
1359 1685 1528 1725 maxime,
1561 1685 1611 1721 sic
1641 1684 1771 1720 iudicio
1802 1683 1999 1720 honorifico
2025 1693 2123 1718 exor-

411 1751 490 1785 nat,
530 1750 570 1780 ut
598 1755 746 1779 summae
772 1742 914 1778 virtutis
941 1741 1078 1778 iuvenis
1105 1747 1274 1778 meretur.
1335 1741 1425 1784 Quid
1456 1746 1574 1777 autem
1601 1741 1695 1788 quod
1723 1746 1759 1776 et
1789 1739 1912 1777 Galliis
1934 1737 2162 1777 *Mosellania

411 1801 523 1837 virtus
557 1800 737 1837 innotuit?
770 1826 968 1834 .......

427 2074 640 2097 MOGVNTIAE·
1144 2050 1403 2099 CLXI-HI.
1885 2066 1910 2092 21.
1931 2070 2009 2092 MA1.
2031 2065 2105 2092 1320.

584 2175 824 2215 VLRlCHVS
855 2175 1116 2214 HVTTENVS
1147 2175 1414 2214 BONIFACIO
1445 2174 1780 2214 AMORBACCHO
1821 2174 1955 2213 SALV.

527 2266 646 2305 Recte
685 2266 778 2304 facis
817 2265 920 2316 quod
959 2277 1059 2303 novo
1100 2265 1259 2303 consilio
1298 2265 1429 2303 literas
1467 2265 1514 2303 ad
1554 2278 1615 2303 mc
1656 2264 1793 2302 scribis
1833 2265 1944 2302 istam
1985 2264 2131 2314 fugiens

416 2335 679 2373 laudationum
717 2344 920 2382 pompam,
962 2343 982 2369 a
1023 2344 1097 2383 qua
1135 2344 1288 2382 semper
1327 2332 1532 2376 abhorrui,
1574 2337 1615 2370 ut
1645 2333 1709 2382 qui
1747 2344 1825 2369 non
1862 2333 2038 2382 ignorem
2067 2335 2170 2369 me8⁰

417 2414 532 2452 quam
563 2413 641 2438 non
672 2401 743 2438 siin
775 2411 908 2449 capax.
968 2399 1023 2437 De
1063 2399 1208 2449 Dorpio
1250 2399 1353 2450 quod
1390 2400 1553 2449 resipuit
1594 2398 1714 2437 multo
1755 2404 1843 2437 ante
1885 2411 1931 2438 ex
1972 2398 2129 2437 Erasmo

417 2469 542 2507 didici.
604 2468 766 2517 Scripsit
795 2466 843 2505 ad
873 2479 935 2504 me
967 2465 1168 2516 epistolam
1199 2467 1457 2516 pcramicam,
1497 2478 1587 2504 nam
1626 2467 1707 2516 ipse
1746 2467 1854 2516 prius
1892 2465 1945 2504 illi
1983 2466 2132 2504 hortatu

421 2591 604 2623 CLXIIII.
653 2589 859 2632 Epistulam
893 2589 1128 2621 exactissime
1162 2590 1295 2630 repetii
1327 2599 1370 2620 ex
1394 2589 1442 2630 A>
1467 2587 1541 2620 MS.
1569 2588 1741 2631 originali
1767 2599 1799 2630 q.
1817 2599 1872 2629 v.,
1901 2589 1995 2630 quod
2021 2590 2075 2620 est
2098 2587 2133 2619 in

421 2648 659 2679 ssibliothecae
687 2646 863 2677 antistitii
888 2645 1114 2677 Basileensis
1145 2645 1215 2676 vol.
1243 2646 1280 2676 in
1306 2644 1367 2676 fol.
1395 2645 1432 2675 in
1464 2645 1571 2676 dorso'
1600 2645 1778 2686 inscripto
1810 2655 1999 2677 EPISTOLAE
2031 2653 2132 2676 vnto-

421 2713 496 2735 RUM
518 2702 522 2744 Ι
544 2712 788 2734 mummolum
809 2701 813 2741 1
837 2711 921 2732 sffic.
948 2711 1023 2732 XVI.
1048 2699 1053 2740 Ι
1075 2710 1194 2732 Tomis
1214 2711 1238 2731 1.
1263 2699 1321 2741 Ιρ.
1340 2699 1432 2731 248³.
1481 2701 1536 2731 Ex
1562 2701 1688 2732 eodem
1713 2710 1776 2732 ms.
1804 2701 1913 2740 libro,
1948 2700 2012 2733 sed
2037 2709 2130 2731 men-

660 2758 744 2789 dose
765 2756 930 2788 exhibuit
954 2756 988 2795 2)
1010 2756 1169 2787 lfflhrich
1189 2755 1627 2796 (Indic.bibliogr.n.85.)
1645 2755 1766 2798 p.63l.
1785 2767 1898 2787 mxu.

510 2881 537 2901 ¹⁰
564 2883 740 2923 ceperunt
759 2883 791 2912 1.
885 2878 974 2899 ²2²³
1007 2890 1051 2911 ac
1077 2889 1146 2911 ser.
1166 2880 1322 2911 Austriae
1398 2890 1419 2911 a
1446 2878 1622 2921 consiliis]
1657 2881 1708 2911 De
1739 2880 1800 2911 hoc
1825 2880 1968 2911 Huttem'
1990 2887 2129 2914 munere,

420 2948 581 2979 perquam
606 2937 720 2974 (lubio,
748 2939 804 2969 via:
829 2938 897 2968 alia
921 2937 1110 2969 testimonia
1135 2936 1308 2967 eaetabzmt.
1340 2936 1389 2976 Cf.
1409 2946 1514 2977 supra
1532 2947 1563 2967 n.
1585 2935 1689 2967 CLV.
1719 2938 1755 2967 et
1772 2947 1806 2977 p.
1825 2934 1901 2968 341.
1920 2945 1978 2967 vv.
1997 2935 2028 2965 7.
2047 2943 2099 2974 sq.

510 2991 538 3012 ²⁸
562 2993 806 3025 Amorbachio
832 2993 940 3025 salut.
960 2993 993 3023 2.
1072 2991 1100 3012 ³⁰
1124 2991 1347 3024 laudationis
1364 2991 1396 3023 2.
1491 2990 1520 3010 ³²
1547 2989 1752 3033 epistolam]
1779 2993 1843 3022 iam
1866 3001 1931 3023 non
1956 2992 2132 3026 extantem,

424 3052 457 3079 ut
482 3058 542 3079 nec
566 3049 710 3080 llutcent
733 3050 978 3090 congratulatio
1003 3048 1096 3080 nobis
1119 3052 1285 3089 superest.
1357 3046 1454 3090 nam]
1482 3048 1592 3079 istam
1610 3049 1643 3078 2.

2214 3317 2219 3386 ,ζή-
2213 3238 2219 3306 u..-
2216 3223 2217 3228 Α
2212 3082 2219 3210 dm„
