2232 3568
443 205 539 253 338
638 212 742 246 CLX.
770 221 879 245 enom
898 219 1052 244 nvam
1070 219 1117 242 AD
1135 218 1330 243 MAR'rva
1348 219 1547 244 Lvmnnvu
1564 221 1620 244 ΕΡ.
1639 221 1675 245 D.
1691 216 1736 245 28.
1756 222 1836 246 Aen.
1858 218 1934 246 1520.

442 335 584 365 sanctus
615 327 705 366 erist
744 337 816 361 non
848 325 1001 361 donatus
1029 337 1047 360 a
1078 323 1245 372 pontifice
1278 325 1430 360 maximo
1455 325 1596 361 civitate
1624 332 1850 367 sanctorum,
1891 339 2000 376 penes
2039 341 2139 376 quem

440 385 554 419 solum
583 389 654 418 stat
681 393 721 417 ea
750 387 929 428 potestas,
971 386 1011 415 ut
1041 392 1155 427 nuper
1181 386 1236 416 est
1267 381 1449 427 agnitum?
1495 381 1553 416 illc
1583 393 1666 418 vero
1699 389 1732 418 te
1757 383 1922 423 donabit,
1953 384 2054 419 cuius
2082 397 2140 422 au-

441 439 588 474 ctoritas
616 450 679 485 per
707 443 740 472 te
770 436 916 483 languet
945 449 984 471 ac
1013 436 1114 472 cuius
1145 436 1380 483 indulgencize
1410 437 1653 485 disputatione
1683 444 1741 473 tua
1762 445 1937 475 enervata}
1959 439 2140 478 esuriunt?

367 502 426 532 §.su
440 494 488 529 nil
524 494 685 541 proderit
713 493 829 528 lavare
859 491 987 527 stolam
1019 492 1054 526 in
1085 492 1258 538 sanguine
1292 492 1386 539 agni.
1445 493 1496 528 Ad
1527 498 1694 529 zeternam
1723 494 1828 530 vitam
1859 495 1942 542 quid
1973 507 2062 543 opus
2088 503 2142 534 est

439 549 535 585 hulla
565 548 724 585 ecclcsiae
764 548 1065 595 reprwsentativae
1105 554 1141 582 ct
1181 559 1328 583 assensu
1358 548 1611 595 Magistrorum
1645 555 1872 589 nostrorum,
1913 551 1989 586 sinc
2016 551 2166 598 quihus-‘u

441 604 625 652 repulsum
655 604 803 652 patieris
833 603 1033 639 sanctitatis
1062 604 1154 650 apud
1184 603 1329 639 coeleste
1365 604 1543 639 tribunal?
1584 604 1610 639 Ο
1640 605 1869 641 christianam
1890 605 2140 649 infelicitatem,

441 675 462 695 o
491 661 645 708 priscam
674 660 797 696 fidem!
843 660 938 694 itane
969 659 1130 707 oportuit
1158 659 1273 695 omnia
1302 660 1419 695 divina
1448 660 1613 695 humanis
1649 661 1796 697 reddere
1834 667 1940 709 atque
1976 663 2142 699 contami-

367 717 541 757 §‚o.nari?
583 716 646 751 Eat
674 727 768 751 nunc
798 715 928 762 aliquis
965 721 999 750 et
1030 721 1137 762 neget
1165 715 1351 751 ecclesiam
1381 716 1436 751 dei
1478 716 1689 763 gravissimo
1726 723 1957 764 persecutore
1993 719 2141 755 concuti.

346 779 408 817 sol.
432 767 524 822 15³4
551 773 651 815 Quod
680 784 760 808 cum
794 777 875 807 ante
906 770 1044 818 aliquot
1074 782 1185 806 annos
1214 770 1362 807 liberius
1394 783 1499 819 quam
1526 772 1601 807 ha¹c
1630 777 1790 820 tempora
1817 774 1937 808 serunt
1966 773 2140 815 dixissem,
2220 802 2223 811 s

439 828 652 876 quandoque
691 827 881 863 marcidam
920 838 1084 862 eraneam
1116 838 1258 873 gravem
1301 833 1452 874 argento
1496 827 1612 862 minus
1654 829 1906 875 superstitiose
1943 828 2181 872 comissam„

438 884 608 932 opinione
636 884 818 919 cuiusdam
851 882 970 929 magni
999 883 1132 930 patris,
1165 882 1265 918 amici
1297 889 1436 923 tamen,
1466 883 1609 918 habitus
1639 895 1716 918 sum
1740 885 1949 920 haereticus:
1980 885 2065 921 adeo
2084 896 2141 934 pe-

438 940 571 976 culiare
607 946 663 975 est
701 939 783 975 huic
821 938 953 974 sieculo
990 939 1154 974 odiosum
1195 939 1228 974 id
1264 951 1412 979 nomen,
1453 950 1582 986 magno
1620 945 1832 986 argumento
1870 952 1974 988 quam
2019 940 2143 988 frigeat

437 996 611 1035 charitas,
657 995 921 1031 sanctissimum
951 994 1234 1030 Christianorum
1265 995 1466 1031 vinculum:
1511 995 1673 1030 Christus
1705 1008 1770 1032 suo
1802 996 1836 1031 in
1869 995 2004 1044 populo
2033 996 2142 1034 Racha

440 1058 535 1087 recte
576 1050 688 1086 levem
727 1050 958 1098 ignominiam
999 1051 1092 1086 ferre
1131 1050 1264 1090 noluit,
1310 1051 1473 1099 idemque
1511 1051 1639 1086 iudicia
1674 1063 1794 1087 severe
1836 1052 1940 1087 iussit
1976 1051 2140 1089 cohiberi.

349 1107 523 1143 §.mTibt
545 1118 648 1147 vcro,
692 1107 785 1154 quod
815 1106 1029 1153 scripturam
1060 1107 1284 1145 reverencius
1314 1113 1444 1143 tractas
1478 1118 1583 1155 quam
1613 1107 1866 1155 theologorum
1897 1107 1978 1148 filii,
2019 1108 2180 1145 nedum15

440 1163 572 1201 Racha‚
607 1174 728 1197 verum
757 1162 867 1197 eciam
898 1162 1065 1197 haeretica
1094 1161 1191 1197 lahes
1222 1163 1444 1210 {fsJJergitiim
1483 1163 1553 1198 imo
1581 1174 1663 1197 vero
1692 1162 1874 1211 leprosum
1903 1164 2141 1206 criminantur,

438 1224 474 1254 et
499 1219 654 1254 ferreum
684 1229 810 1253 nasum
840 1217 1044 1264 impingunt
1074 1229 1113 1253 ac
1138 1218 1327 1253 Sathanam
1356 1218 1596 1265 proclamant:
1642 1219 1690 1253 hii
1722 1225 1840 1255 tamen
1871 1220 2021 1256 modesti
2053 1221 2142 1262 sunt,

347 1277 475 1310 §.thet
507 1280 545 1309 tu
574 1273 845 1309 inverecundus.
906 1273 1010 1308 Michi
1041 1284 1124 1308 vero
1155 1274 1270 1312 omm‘s
1307 1274 1498 1310 iracundiae
1533 1275 1665 1310 Christi
1703 1275 1814 1311 eciam
1850 1275 1951 1311 ohliti
1987 1276 2143 1312 videntur

440 1331 499 1378 qni
531 1329 785 1365 sentimentum
817 1329 904 1365 adeo
933 1340 1055 1364 vecors
1094 1335 1129 1364 et
1168 1329 1357 1366 ridiculum
1397 1336 1493 1366 tanta
1527 1331 1740 1367 auctoritate
1780 1331 1910 1367 audent
1950 1332 1985 1367 in
2021 1330 2142 1379 vulgus

436 1385 681 1421 disseminare.
740 1385 836 1421 Unde
877 1384 948 1420 illis
986 1385 1041 1420 ius
1077 1385 1119 1420 de
1160 1385 1277 1421 alieno
1317 1386 1447 1434 spiritu
1486 1387 1658 1427 iudicare,
1699 1387 1757 1435 qui
1789 1387 1930 1424 Christo
1966 1386 2027 1423 aut
2053 1387 2181 1435 periteo

345 1448 497 1480 §.i-mant
529 1442 669 1477 manet?
709 1441 874 1481 Librum,
906 1441 1092 1489 inquiunt,
1123 1453 1163 1478 ae
1194 1447 1366 1478 tractatus
1396 1442 1643 1478 doctrinaliter
1671 1444 1878 1479 damnanms
1909 1443 2010 1479 etde
2032 1443 2142 1480 medio

439 1497 615 1534 tollendos
645 1497 870 1533 censebimus
903 1497 1048 1545 ignique
1078 1499 1305 1538 cremandos,
1336 1504 1372 1534 ct
1402 1505 1582 1534 auctorem
1612 1499 1730 1546 ipsum
1756 1499 1798 1534 ad
1824 1499 2085 1536 revocacionem
2108 1503 2143 1535 et

346 1553 697 1592 δ.13.11111111·1111011(1111
725 1553 1013 1601 supradictorum
1043 1565 1225 1600 cogemus.
1278 1554 1341 1589 Uhi
1374 1561 1428 1591 est
1462 1554 1522 1590 illa
1551 1554 1760 1591 doctrinalis
1787 1555 1991 1591 damnatio?
2028 1554 2142 1603 prodi·
2227 1580 2230 1588 .

436 1616 517 1646 tane
551 1615 622 1650 est,
655 1621 699 1645 an
730 1609 845 1645 lucem
874 1609 998 1645 timet?
1038 1609 1088 1645 Ita
1119 1610 1203 1645 mihi
1234 1611 1449 1657 persuadeo,
1482 1611 1612 1658 quippe
1645 1611 1784 1659 quando
1808 1610 1977 1647 Silvester
1996 1611 2142 1652 Prieras,

434 1667 541 1702 huius
572 1666 756 1712 tragsedize
783 1666 915 1714 puppis
950 1671 985 1701 et
1014 1677 1140 1713 prora,
1170 1677 1242 1702 non
1275 1667 1400 1703 audeat
1429 1678 1507 1703 sese
1537 1679 1617 1703 cum
1639 1679 1703 1703 suo
1725 1673 1851 1703 eontra
1877 1672 1910 1703 te
1931 1667 2179 1703 sentimenta&

434 1722 657 1758 committere
697 1722 826 1757 iudicio
865 1721 962 1757 orbis
997 1722 1210 1761 Christiani,
1253 1734 1295 1759 an
1326 1722 1607 1759 existimabimus
1636 1723 1874 1759 Lovanicnses
1903 1723 1975 1759 sive
2005 1722 2141 1770 illorum

436 1779 566 1814 fratres
597 1777 846 1818 Colmlienses,
880 1778 1038 1813 onmium
1069 1778 1274 1815 mortalium
1303 1779 1631 1827 pertinacissimos,
1664 1779 1836 1815 Silvestre
1867 1785 1902 1815 et
1926 1778 2088 1827 potencia
2107 1783 2142 1814 et

345 1842 422 1875 §.11.
435 1834 598 1870 doctrina
626 1834 832 1874 inferiores,
865 1846 948 1869 suas
978 1846 1098 1882 nugas
1120 1835 1303 1871 edituros?
1342 1835 1430 1871 mira
1460 1835 1644 1872 hominum
1673 1835 1820 1871 ruditas.
1869 1836 2033 1872 Ceterum
2053 1845 2141 1881 morf

436 1890 559 1926 talium
589 1902 787 1938 progressu
817 1890 933 1926 aetatis
964 1890 1094 1927 crescit
1124 1903 1210 1926 usus
1239 1897 1276 1927 et
1300 1892 1532 1938 expericucia.
1587 1892 1688 1927 cuius
1718 1891 1769 1927 rei
1801 1891 2080 1939 experimentum
2105 1889 2140 1929 ill

436 1946 674 1982 animantibus
713 1959 856 1994 quoque
892 1947 1034 1983 racione
1074 1947 1279 1984 vacantibus
1317 1947 1650 1983 animadvertimus:
1696 1947 1768 1982 illis
1801 1947 1913 1983 acutis
1942 1945 2181 1983 liominibus³⁰

437 2002 567 2038 ademit
596 2003 671 2037 dies
701 2003 950 2050 prudenciam,
989 2008 1029 2038 ut
1060 2009 1156 2039 recte
1186 2015 1266 2039 cum
1295 2010 1400 2051 poeta
1429 2004 1560 2039 dixeris
1595 2003 1704 2039 ‘Haud
1735 2003 1877 2071 quidem
1904 2003 2028 2043 credo,
2064 2000 2143 2050 quia

339 2053 585 2109 f0(.10b.1sit
607 2058 776 2094 divinitus
799 2058 869 2093 illis
892 2059 1082 2105 hircinum,
1107 2060 1152 2095 At
1174 2060 1247 2095 sato
1268 2071 1385 2095 icium
1412 2060 1418 2106 1
1445 2060 1638 2107 pludencia
1657 2059 1828 2095 minmis'.
1875 2071 1985 2121 quam
2000 2057 2143 2120 gratiam

434 2114 565 2149 dehent
595 2115 801 2162 sophistice
833 2127 905 2149 suae
935 2115 1143 2162 sapiencie
1188 2107 1320 2162 ἐπειδὴ
1358 2116 1495 2156 κακῶν
1526 2112 1770 2151 ὃιδασκαλῶν
1805 2109 1909 2151 κακοὶ
1942 2127 1989 2151 τα
2017 2106 2140 2162 μαθή-

344 2181 420 2213 §‚5.1
435 2182 556 2216 ματα,
589 2168 736 2217 μᾶλλον
766 2166 807 2206 δὲ
836 2169 1024 2216 πονηοῶν
1054 2164 1254 2220 σπερμάτα
1285 2166 1439 2220 πονηρὰ
1469 2185 1516 2208 τοι
1545 2166 1727 2221 γεώργια.
1772 2172 1809 2207 111
1832 2179 1938 2209 causa
1958 2169 2141 2219 Capnionis

432 2225 540 2273 longe
580 2227 796 2274 prudencius
836 2226 920 2263 olim
958 2239 995 2263 se
1027 2234 1218 2274 gesserunt
1245 2229 1476 2265 damnacione
1510 2228 1623 2264 hlnoi
1628 2241 1685 2264 11111
1715 2229 1842 2275 exiguo
1873 2235 2032 2276 tempore
2060 2229 2180 2274 pro-3⁵

522 2390 536 2410 2
561 2390 687 2434 nuper]
713 2393 753 2423 in
778 2392 921 2423 recenti
946 2395 1021 2423 tum
1040 2393 1196 2424 concilio
1214 2393 1473 2425 Lateranensi.
1550 2393 1563 2413 ³
1590 2397 1765 2426 eneruate
1783 2395 1857 2426 cod.
1906 2390 2143 2434 Interroyandi

432 2449 530 2489 siyna
554 2459 575 2478 a
598 2459 647 2479 me
672 2449 791 2479 addila
813 2451 901 2479 sunt.
985 2447 998 2466 ⁶
1024 2449 1200 2480 cristiana
1224 2450 1298 2481 eod.
1379 2448 1406 2470 ¹⁰
1432 2460 1603 2481 craneum
1637 2449 1686 2491 (s.
1708 2445 1900 2487 craueam)
1927 2453 2044 2491 aperte
2067 2447 2137 2480 cod.

435 2502 585 2544 [ci-anca
607 2516 654 2531 z
678 2501 866 2545 cranium]
940 2501 967 2523 ¹³
992 2504 1121 2536 Racha
1146 2503 1223 2547 eta]
1250 2506 1294 2545 cf.
1314 2505 1443 2547 Evany.
1461 2516 1527 2537 sec.
1548 2506 1671 2540 Macch.
1695 2507 1736 2538 V.
1756 2508 1813 2537 22.
1840 2506 1937 2545 „Qui
1955 2508 2074 2537 autem
2089 2501 2138 2534 di-

433 2560 528 2590 xerit
553 2559 658 2591 fratri
683 2570 747 2591 suo
775 2560 910 2599 ‘Raeau
938 2570 1021 2591 reus
1048 2561 1118 2591 crit
1143 2560 1335 2593 coneilio''.
1408 2560 1435 2581 ¹4
1459 2559 1588 2603 noluit]
1614 2561 1731 2593 fioluit
1747 2563 1822 2594 cod.
1840 2563 1903 2594 sed
1918 2561 1939 2593 fi
1956 2571 2020 2593 non
2042 2569 2065 2591 u
2081 2556 2141 2601 sed

434 2626 456 2646 11
479 2617 656 2657 szffizifieal.
727 2614 754 2634 ¹⁹
779 2613 920 2656 vecors]
949 2615 1070 2648 secors
1087 2619 1162 2649 cod.
1233 2615 1262 2637 ²⁰
1286 2616 1456 2659 spiritu]?
1482 2621 1514 2648 in
1531 2619 1606 2649 cod.
1626 2628 1698 2649 esse
1715 2619 1847 2650 videtur
1864 2616 1945 2659 βιιο.
2013 2613 2042 2635 ²³
2065 2622 2139 2656 pro-

433 2671 511 2702 dita
536 2674 568 2702 2⁶72
593 2673 667 2703 cml.
685 2682 790 2712 supra
814 2671 958 2712 perdita
982 2673 1141 2713 seriptum
1165 2677 1214 2704 est
1240 2675 1282 2705 al.
1301 2685 1340 2705 m.
1413 2671 1441 2692 ²5
1468 2677 1595 2705 contra
1614 2671 1663 2715 te]
1692 2671 1756 2705 0οᾗ
1771 2676 1807 2704 te
1825 2674 1899 2705 cod.
1970 2671 1995 2691 ³¹
2022 2665 2139 2713 poeta]

436 2727 573 2768 Vergil.
594 2727 726 2769 Georg.
746 2728 776 2759 Ι.
794 2727 871 2758 415.
891 2731 962 2768 Sq.':

815 2781 923 2814 Haud
950 2783 1116 2824 equidem
1142 2784 1265 2823 credo,
1296 2785 1380 2825 quia
1405 2785 1453 2816 sit
1478 2784 1653 2816 divinitus
1678 2785 1753 2817 illis

815 2839 1006 2881 Ingenium
1033 2842 1095 2869 aut
1119 2849 1237 2870 rerum
1264 2840 1341 2871 fato
1367 2840 1561 2881 prudentia
1586 2842 1712 2872 maior.

523 2892 552 2912 ³³
570 2888 700 2936 ἐπειδὴ
719 2893 796 2935 &c.]
824 2894 1149 2936 „Quandoquidem
1170 2895 1343 2926 malorum
1362 2899 1626 2937 praeeeptorum
1643 2896 1749 2928 malae
1767 2895 1943 2927 doctrinae
1961 2896 2058 2933 sunt,
2083 2887 2140 2924 vel

435 2950 556 2989 potius
587 2949 760 2980 malorum
792 2950 970 2981 seminum
998 2947 1106 2981 inalae
1133 2953 1301 2992 segetcs”
1326 2951 1428 2983 verba
1450 2955 1527 2982 sunt
1551 2951 1702 2993 Gregor.
1720 2951 1808 2983 Naz.
1835 2953 1926 2982 orat.
1944 2945 2137 2980 XXXVIII.

438 3005 473 3034 in
497 3005 709 3046 Theophan.
731 3015 811 3046 cap.
831 3006 862 3036 5.
896 3006 938 3037 In
963 3008 1038 3038 cod.
1068 3008 1164 3038 Goth.
1193 3007 1315 3039 Grceea
1346 3007 1449 3038 verba
1479 3011 1639 3048 corrupte
1670 3017 1766 3038 manu
1796 3009 1984 3037 recentiore
2013 3005 2139 3044 scripta

436 3063 520 3089 sunt.
