2232 3568
384 210 479 258 282
581 217 720 250 CXXX.
749 225 884 248 mmsm
904 224 984 246 nor.
1003 223 1051 247 AD
1070 223 1178 246 uva-T.
1198 223 1243 246 m:
1263 222 1387 245 ’mous
1405 222 1504 245 nono
1522 223 1577 245 ΕΡ.
1597 224 1632 248 1).
1649 219 1693 246 23.
1713 225 1787 247 nvn.
1812 220 1885 248 1519.

381 335 466 372 71103
493 333 574 370 alia
603 331 666 367 via
696 328 753 366 ad
778 337 861 365 rem
891 337 940 364 ac
972 327 1143 374 ploriam
1171 326 1404 374 parandam
1438 327 1564 374 77777973
1593 327 1753 374 idonea,
1788 329 1978 376 siquidem
2000 331 2084 379 ple·

383 410 545 446 ramque
582 396 815 434 nobilitatem
854 395 958 431 illius
993 394 1133 430 insuloe
1159 395 1316 445 peperit
1345 393 1418 431 1706
1446 393 1662 432 studiorum
1687 405 1834 442 9677773,·
1877 397 1918 434 in
1940 407 1984 435 eo
2011 408 2084 436 ne-

293 469 367 501 924.
380 470 479 514 pant
505 472 725 516 quenquam
754 461 901 499 absolvi
924 470 1037 508 posse
1066 461 1144 498 nisi
1166 462 1358 508 plurimos
1387 471 1510 499 annos
1534 462 1744 499 insudarit.
1790 462 1847 500 Ab
1869 463 1942 501 1706
1969 465 2087 511 7971777·

381 543 468 571 eum
498 542 574 569 non
605 530 752 567 iniuria
783 528 1014 565 abhorreret
1043 528 1298 565 adolescentis
1322 529 1520 575 7779677777777
1548 529 1770 567 melioribus
1801 530 1916 568 rebus
1942 537 2084 580 natum,

360 605 509 671 ‘tmen
542 601 632 646 post
667 597 894 643 dequstatas
930 595 1184 633 scholasticas
1219 595 1452 644 disciplinas
1480 597 1537 633 sic
1565 597 1605 633 in
1635 596 1708 634 1706
1734 599 1909 635 uersatus
1937 604 2010 646 est,
2046 601 2113 638 7775

382 678 505 714 neque
534 665 781 704 consulerent
806 673 1027 710 quenquam
1055 663 1235 700 libentius
1263 664 1496 710 litiqatores,
1528 673 1651 710 neque
1670 668 1857 711 quaestum
1875 664 2089 704 uberiorem

378 734 538 780 faceret
564 733 769 779 quisquam
799 740 932 768 eorum
962 731 1029 777 qui
1063 729 1164 767 7771771
1192 730 1307 767 aliud
1337 730 1527 777 aqebant:
1571 734 1682 768 tanta
1711 734 1801 768 erat
1827 732 1882 768 vis
1911 736 1959 769 776
1985 733 2089 770 6616-

292 809 368 842 §.Q-5.
383 803 482 838 ritas
517 800 675 846 777967777.
735 798 834 844 Quin
873 801 911 835 et
943 797 1160 835 evolvendis
1194 797 1500 835 orthodoxorum
1536 798 1790 835 voluminibus
1809 807 1904 835 ,77077
1939 808 2090 845 seqnem

383 878 542 916 operam
577 866 781 914 impendit,
821 864 1029 912 Auq‘ustini
1061 864 1179 902 libros
1217 863 1281 901 ‘de
1317 866 1471 902 civitate
1509 862 1590 902 dei'
1614 865 1773 912 publice
1807 864 2012 913 professus
2037 869 2093 905 est

384 935 517 973 adbuc
538 945 639 982 pene
668 933 893 985 adolescens
922 932 1116 969 auditorio
1138 931 1359 979 frequenti,
1385 943 1457 970 nec
1480 932 1628 979 puduit
1654 942 1725 969 nec
1742 933 1929 979 poenituit
1953 938 2133 971 sacer-10

294 1005 370 1037 §.26.
385 1003 491 1040 dotes
527 1012 576 1040 ac
615 1012 724 1039 senes
761 1011 786 1038 a
823 994 959 1038 iuvene
989 998 1166 1046 profano
1198 1009 1318 1036 sacra
1357 1000 1520 1037 discere.
1579 998 1743 1036 Interim
1781 1002 1819 1037 et
1857 999 1914 1036 ad
1940 1000 2093 1047 pietatis

382 1070 551 1108 studium
573 1072 687 1106 totum
713 1069 885 1105 animum
912 1067 1083 1114 appulit,
1115 1067 1274 1112 67971773,
1305 1068 1477 1112 ieiuniis,
1501 1066 1794 1114 precationibus
1815 1067 1979 1113 aliisque
1996 1076 2093 1105 con-⁴

382 1136 571 1174 similibus
596 1133 1005 1182 proqymnasmatibus
1031 1133 1293 1170 sacerdotium
1323 1133 1540 1171 meditans:
1584 1143 1663 1180 qua
1693 1118 1848 1180 quidem
1876 1133 1917 1170 in
1945 1143 1990 1171 re
2017 1133 2092 1172 nori

379 1205 502 1252 paulo
531 1204 626 1251 plus
662 1202 727 1238 ille
758 1201 937 1248 sapiebat
972 1210 1090 1247 quam
1122 1200 1305 1247 plerique
1336 1201 1400 1238 isti
1435 1202 1504 1248 qui
1538 1205 1680 1237 temere
1716 1199 1772 1236 ad
1805 1203 1884 1237 tam
1927 1200 2094 1239 arduam

380 1270 664 1319 professionem
701 1269 887 1315 inqerunt
919 1278 1019 1313 sese,
1053 1268 1159 1304 nullo
1193 1267 1310 1314 prius
1346 1268 1409 1304 sui
1440 1269 1617 1315 periculo
1650 1266 1786 1313 facto;
1827 1278 1951 1315 neque
1979 1268 2091 1315 quic-
2102 1273 2159 1304 ¹⁵.

384 1348 501 1386 quam
530 1335 705 1374 obstabat
733 1345 808 1382 quo
834 1335 961 1372 minus
988 1345 1071 1372 sese
1099 1334 1191 1371 177776
1220 1334 1307 1370 vitoe
1333 1336 1475 1381 96776νὶ
1502 1335 1724 1384 addiceret,
1754 1335 1834 1371 nisi
1859 1335 1965 1382 quod
1985 1343 2094 1373 ‚uxo-

383 1407 440 1442 ris
478 1404 715 1441 desiderium
754 1412 831 1440 77077
870 1406 1001 1450 posset
1041 1406 1250 1444 eoecutere;
1295 1402 1435 1438 maluit
1477 1403 1597 1449 7977777
1640 1401 1806 1438 maritus
1846 1412 1929 1439 esse
1969 1405 2095 1440 castus

295 1475 370 1507 §.22
385 1482 502 1520 quam
531 1470 718 1508 sacerdos
746 1471 937 1518 impurus.
988 1468 1133 1506 Tamen
1160 1469 1349 1515 777797776777
1378 1468 1495 1506 duxit
1523 1467 1733 1506 admodum
1760 1470 1958 1518 puellam,
1987 1469 2095 1508 claro

380 1549 526 1586 9677676
557 1538 710 1583 metam,
731 1537 880 1574 ‘rudem
910 1536 1062 1581 adhuc,
1093 1538 1222 1583 utpote
1246 1536 1337 1573 ruri
1366 1537 1467 1573 inter
1490 1540 1676 1583 parentes
1700 1547 1749 1573 ac
1773 1545 1926 1573 sorores
1947 1545 2096 1584 semper

384 1606 575 1651 habitam,
605 1615 680 1652 quo
709 1606 836 1651 77767973
859 1605 918 1641 illi
939 1605 1074 1641 liceret
1100 1604 1208 1641 illam
1238 1603 1295 1640 ad
1316 1613 1405 1640 suos
1433 1614 1559 1641 mores
1585 1604 1749 1650 finqere.
1792 1603 1897 1641 1777776
1916 1606 1955 1641 et
1975 1604 2136 1641 literiszo

384 1672 656 1711 instruendam
692 1672 848 1710 curavit
879 1675 916 1708 et
952 1672 1059 1708 omni
1090 1671 1253 1708 musices
1286 1680 1431 1717 penere
1473 1670 1626 1708 doctam
1669 1670 1863 1717 reddidit,
1903 1671 2096 1718 planeque

384 1742 499 1778 talem
522 1751 628 1788 pene
653 1741 851 1786 finxerat,
888 1739 1043 1785 quicum
1071 1737 1244 1775 libuisset
1270 1737 1493 1774 uniuersam
1523 1741 1674 1775 oetatem
1707 1737 1886 1784 exipere,
1910 1730 1970 1774 'ni
1995 1745 2100 1780 mors,

382 1810 629 1856 prcematura
650 1807 830 1854 puellam
859 1806 1075 1842 sustulisset
1101 1815 1123 1841 e
1147 1804 1292 1849 medio,
1329 1804 1401 1841 sed
1426 1805 1586 1842 enixam
1624 1804 1766 1842 liberos
1794 1805 1960 1851 aliquot,
1997 1813 2095 1851 quo-
2118 1852 2124 1858 „

387 1885 474 1912 rum
505 1874 639 1911 adhuc
672 1877 886 1921 supersunt
917 1873 1066 1920 puelloe
1103 1874 1198 1917 tres,
1241 1871 1538 1918 [Maryaretlza,
1567 1871 1746 1920 Aloysia,
1779 1870 1964 1920 Cecilia,]
1998 1881 2097 1919 puer

295 1945 371 1977 §928-
386 1952 486 1979 unus
518 1939 739 1992 [Ioannes]
800 1940 932 1987 Neque
964 1940 1031 1976 diu
1063 1938 1202 1976 67616173
1235 1939 1362 1975 vivere
1396 1941 1593 1985 sustinuit,
1637 1940 1726 1976 licet
1762 1939 1840 1976 alio
1876 1935 2139 1976 vocantibusw

386 2009 600 2045 amicorum
628 2009 819 2044 consiliis:
863 2007 1004 2054 paucis
1033 2005 1227 2042 mensibus
1255 2015 1279 2042 a
1306 2005 1453 2051 sunere
1479 2008 1616 2048 uxoris
1642 2007 1800 2044 viduam
1831 2005 1948 2042 duxit
1973 2005 2096 2052 maqis
2151 2000 2154 2002 ’

384 2075 578 2113 curanda?
600 2073 770 2120 samitice
795 2083 911 2120 quam
942 2073 1147 2120 voluptati,
1179 2073 1324 2120 quippe
1356 2084 1428 2110 7766
1457 2073 1597 2111 bellam
1622 2073 1851 2118 admodum,
1881 2082 1952 2109 7766
1976 2072 2095 2119 puel-

384 2145 484 2188 lam,
516 2148 556 2179 ut
580 2143 662 2189 ipse
689 2141 815 2178 iocari
841 2141 953 2185 solet,
982 2139 1053 2176 sed
1071 2149 1202 2185 acrem
1231 2149 1279 2176 ac
1303 2141 1525 2186 67971777716777
1550 2139 1911 2186 matremfamilias,
1943 2139 2095 2186 quicum

386 2213 513 2246 tamen
527 2208 699 2256 perinde
718 2208 878 2244 comiter
902 2207 1150 2252 suauiterque
1180 2207 1269 2243 vivit
1297 2217 1346 2244 ac
1366 2208 1402 2244 si
1426 2209 1560 2254 puella
1586 2207 1696 2253 foret
1718 2206 1858 2252 forma
1884 2208 2095 2253 quantum-

295 2276 477 2316 §.29.libet
505 2275 685 2313 amabili:
729 2275 796 2311 vix
826 2274 928 2310 ullus
955 2274 1120 2310 maritus
1156 2283 1181 2308 a
1215 2284 1288 2309 sua
1326 2279 1475 2311 tautum
1512 2274 1684 2321 obsequii
1719 2275 1903 2321 impetrat
1938 2271 2140 2320 imperioso

385 2348 500 2391 atque
528 2341 806 2386 severitudine,
838 2345 1025 2387 quantum
1055 2339 1119 2377 1776
1149 2339 1349 2377 blanditiis
1379 2342 1559 2388 iocisque.
1611 2341 1708 2388 quid
1735 2341 1837 2378 enim
1867 2349 1943 2377 non
1973 2340 2097 2387 impe-

385 2415 476 2456 tret,
508 2396 765 2457 posteaquam
795 2408 941 2454 effecit,
980 2411 1023 2444 ut
1047 2408 1188 2444 mulier
1217 2407 1295 2443 iam
1326 2407 1382 2444 ad
1409 2409 1559 2445 senium
1584 2417 1766 2454 verqens,
1797 2407 1853 2444 ad
1879 2406 1952 2444 1706
1979 2404 2100 2459 animi

385 2478 540 2514 minime
581 2477 724 2522 mollis,
766 2479 962 2523 postremo
1010 2474 1066 2510 ad
1107 2484 1190 2510 rem
1234 2475 1508 2520 attentissima,
1553 2474 1729 2520 cithara,
1768 2473 1976 2518 testudine,
2013 2460 2097 2510 7770-

385 2543 582 2581 nochordo
610 2543 786 2590 tibiisque
817 2552 962 2580 canere
995 2541 1180 2586 disceret,
1217 2543 1254 2578 et
1282 2541 1321 2577 in
1352 2540 1458 2578 177366
1486 2541 1600 2579 rebus
1627 2541 1796 2588 quotidie
1821 2540 2097 2588 praescriptum

296 2620 371 2652 §.sm
386 2621 518 2659 operte
550 2620 716 2658 pensum
750 2609 925 2656 eaeiqenti
956 2609 1098 2645 marito
1134 2605 1347 2646 redderet?
1391 2608 1589 2646 Consimili
1620 2610 1797 2646 comitate
1826 2611 1942 2645 totam
1967 2591 2147 2653 sami-3⁵*

386 2680 480 2715 liam
521 2678 769 2723 moderatur,
813 2677 852 2713 in
892 2685 970 2723 qua
1006 2676 1116 2712 nulla
1156 2675 1370 2721 lraqoedia,
1416 2676 1526 2713 nulla
1564 2677 1682 2720 rixa‚·
1731 2675 1864 2722 siquid
1898 2673 2128 2719 exstiteritr*

477 2788 520 2808 ¹·²
535 2789 734 2830 pleranque
751 2788 846 2821 1...4.
860 2788 890 2818 6.
955 2785 1139 2827 plerisque
1149 2787 1181 2816 5.
1238 2783 1264 2804 ¹⁵³
1281 2783 1433 2826 Tamen]
1452 2786 1823 2827 eoespectaresltaque.
1888 2778 1989 2814 fiuxit
2007 2782 2096 2814 adm.

387 2843 558 2885 puellam]
581 2844 627 2874 cf.
642 2844 793 2875 Hesiod.
813 2843 904 2884 Opp.
922 2845 958 2873 et
972 2841 1005 2872 d.
1021 2840 1097 2872 697.
1124 2835 1378 2883 Παρθενικὴν
1396 2836 1438 2872 δὲ
1456 2843 1602 2883 γαμεῖν,
1621 2833 1670 2878 ὥς
1687 2834 1719 2872 κ’
1736 2833 1838 2882 ἤθεα
1855 2832 1972 2871 κεδνοὶ
1992 2831 2096 2869 διδά-

390 2898 465 2940 ξῃς,
484 2900 673 2939 Virginem
691 2909 776 2930 vero
795 2899 935 2936 ducito,
956 2899 996 2927 ut
1013 2906 1130 2927 mores
1150 2899 1271 2927 castos
1289 2896 1435 2927 doceas.
1519 2896 1547 2916 ²³
1574 2897 1721 2938 aliquod
1739 2899 1770 2927 7.
1853 2894 1880 2915 ²¹
1907 2894 2096 2926 instituen-

389 2955 472 2985 dam
492 2957 522 2985 1.
587 2953 615 2973 ²4
633 2955 864 2985 Praenomina
883 2963 961 2993 quae
979 2952 1084 2983 uncis
1102 2951 1332 2992 inclusimus,
1359 2953 1412 2984 ed.
1430 2954 1461 2984 1.
1481 2963 1551 2984 non
1568 2953 1697 2992 habet,
1725 2952 1789 2984 sed
1812 2951 1949 2982 habent
1972 2951 2006 2981 2.
2023 2958 2096 2991 sqq.

389 3010 541 3041 Caecilia
558 3012 589 3039 5.
675 3009 704 3029 ²5
729 3009 853 3041 celebs
873 3009 970 3040 1...4.
984 3009 1016 3039 6.
1089 3007 1222 3039 caelebs
1240 3010 1273 3038 5.
1360 3006 1388 3027 ²⁷
1412 3019 1480 3040 nec
1504 3006 1630 3050 puelL]
1657 3009 1786 3039 adludit
1810 3007 1856 3038 ad
1878 3007 1959 3037 illud
1981 3003 2097 3046 Lydia

389 3065 488 3097 bella
513 3065 649 3106 puella.
