2232 3568
439 214 456 259 1
473 213 533 260 18
592 219 756 253 XXXVI.
781 224 808 249 2.
828 227 910 249 non.
929 226 1037 248 massx
1056 225 1262 247 mzsponsm
1279 225 1452 247 quunL.
1470 225 1520 248 An
1537 227 1700 249 flv‘r‘rnm
1717 228 1837 251 Ens'r.
1855 229 2003 253 ruma.
2035 256 2043 260 ,

638 332 761 378 Quam
785 330 860 367 cito
889 329 938 366 de
958 327 1102 366 Siculis
1123 324 1318 376 pepulisti
1333 327 1478 375 finibus
1505 328 1647 378 Afros,

545 412 593 438 144
723 397 954 436 Dissimules
973 396 1115 433 victam
1142 397 1288 444 soepius
1311 406 1395 434 esse
1415 394 1534 435 lieet?

634 465 759 502 Arma
788 463 845 500 bis
865 466 1020 500 octonos
1045 462 1160 500 Poeni
1182 463 1371 501 tolerasse
1391 474 1472 512 per
1502 475 1629 503 annos

731 530 854 568 Clade
881 535 950 567 tua
979 530 1083 568 testis
1103 531 1298 577 proxima
1319 541 1362 568 es
1388 532 1477 579 ipsa
1505 532 1596 576 tibi,-

635 598 759 645 Quam
780 597 946 644 funesta
969 596 1040 635 tibi
1058 595 1217 644 fuerint
1240 597 1514 636 Thrasimenia
1543 598 1683 649 Tempe

545 679 594 705 148
607 673 620 677 ·
725 664 810 703 Scit
841 663 984 702 Trebia
1011 662 1050 702 et
1082 663 1219 702 Ticino
1238 666 1433 713 proxima
1456 677 1558 704 rura
1587 671 1678 713 tuo,-

636 733 741 780 Quid
765 731 1090 781 lachrymabilius
1115 731 1345 770 Cannarum
1368 735 1524 772 nomine
1544 734 1683 774 Romoe

736 799 807 838 Tot
832 801 948 838 simul
976 800 1131 838 amissis
1159 800 1314 838 milibus
1343 811 1427 844 esse
1447 799 1603 849 potest?
1636 812 1642 818 ·

635 866 748 906 Anne
769 867 1028 917 pharetratos
1050 867 1220 905 Parthos
1245 869 1405 916 impune
1427 867 1618 908 lacessis?

546 948 595 975 152
727 934 912 974 Auxerat
938 933 1153 982 Eufratem
1181 937 1391 983 sanquinis
1419 936 1530 974 unda
1560 939 1638 982 tui,-

635 1004 811 1052 Europoe
841 1001 1026 1041 domitum
1054 1004 1177 1050 siquis
1209 1003 1431 1042 victricibus
1453 1004 1583 1043 orbem

730 1070 919 1108 Asserere
946 1071 1157 1108 innumera
1185 1081 1263 1108 non
1291 1072 1376 1109 sine
1401 1072 1518 1110 clade
1543 1077 1677 1122 potes,-

640 1137 691 1176 Ut
714 1142 867 1176 taceam
899 1137 1051 1184 Gallos,
1082 1139 1266 1186 quoniam
1291 1139 1438 1187 pudet,·
1466 1142 1600 1189 aspice
1627 1143 1767 1190 quanti

547 1219 596 1245 156
739 1205 904 1243 Vincere
929 1215 1157 1253 puynacem
1186 1207 1357 1244 constitit
1379 1205 1588 1256 Iamiam,-

641 1272 692 1311 Ut
717 1275 869 1310 taceam
898 1282 1148 1321 quoscunque
1171 1273 1269 1312 milii
1295 1279 1352 1312 est
1375 1285 1586 1314 numerare
1611 1278 1827 1324 molestum,

710 1374 714 1377 .
736 1339 788 1378 Te
817 1339 956 1388 quibus
982 1340 1070 1388 ipsa
1099 1340 1215 1379 doces
1241 1343 1470 1390 imposuisse
1493 1343 1644 1391 iuqmm

635 1409 780 1447 Nostra
805 1412 870 1446 tuo
900 1408 1047 1456 quoties
1076 1407 1291 1446 Germania
1321 1411 1442 1448 milite
1467 1415 1574 1449 tacta
1602 1416 1677 1459 est,

547 1489 597 1516 160
729 1476 886 1524 Incepti
906 1479 1066 1524 poterat
1088 1477 1317 1524 poenituisse
1341 1478 1416 1525 tui,

636 1544 718 1583 Nec
748 1546 895 1581 tentata
924 1542 994 1580 tibi
1015 1553 1115 1590 qens
1142 1543 1357 1590 infoelieius
1384 1546 1468 1583 ulla
1496 1549 1571 1593 est,

735 1611 830 1649 Cum
854 1620 1010 1649 servam
1039 1611 1156 1649 velles
1184 1622 1273 1659 quoe
1302 1612 1373 1650 tibi
1394 1623 1500 1651 nunc
1529 1613 1689 1654 domina
1717 1619 1796 1661 est,-

635 1680 717 1719 Nec
745 1679 882 1717 similis
906 1679 990 1716 visa
1019 1690 1061 1717 es
1084 1683 1278 1728 perpetuo
1306 1680 1394 1728 ipsa
1424 1681 1494 1728 tui,
1531 1711 1536 1715 .

546 1761 595 1787 164
725 1747 807 1785 Nee
839 1746 1019 1803 Fortuna
1048 1747 1157 1786 dedit
1183 1757 1342 1786 cursum
1371 1748 1442 1786 tibi
1466 1759 1620 1798 semper
1645 1751 1831 1798 eundem,

638 1816 752 1854 Nunc
781 1807 970 1863 oppressa
991 1816 1124 1862 malis,
1149 1815 1266 1853 rebus
1293 1827 1399 1854 nune
1429 1821 1548 1855 aucta
1570 1819 1773 1866 secundis,

734 1883 850 1921 Nunc
877 1893 946 1920 ver
974 1883 1130 1929 arrisit,
1163 1893 1269 1921 nunc
1297 1884 1367 1921 tibi
1393 1885 1504 1922 soevit
1528 1885 1687 1934 hyems:

638 1950 777 1999 Spirat
798 1950 994 1998 inoequali
1014 1960 1170 1998 semper
1195 1951 1271 1988 dea
1301 1951 1454 1990 lubrica
1478 1953 1601 2000 flatu,

550 2007 599 2057 ms
714 2018 914 2072 Aequatas
941 2027 1077 2055 rerum
1105 2027 1183 2055 non
1208 2022 1318 2056 amat
1345 2020 1416 2057 illa
1446 2020 1548 2065 vices
1558 2034 1570 2057 .-

641 2086 760 2125 Cuius
788 2089 832 2122 ut
860 2086 1083 2133 exemplum
1108 2085 1264 2133 videas,
1295 2091 1331 2125 te
1358 2088 1529 2135 respice,
1560 2089 1668 2127 dices

734 2153 892 2192 Ludere
920 2152 1140 2190 Fortunam
1165 2164 1243 2192 non
1266 2156 1440 2202 potuisse
1468 2157 1608 2203 inaqis.

637 2222 716 2260 Nos
744 2231 895 2269 quoque
915 2231 996 2269 per
1023 2221 1155 2258 varios
1185 2222 1323 2260 eadem
1348 2221 1443 2261 Sors
1470 2224 1560 2272 ipsa
1588 2223 1744 2262 labores

551 2301 598 2327 172
731 2289 948 2337 Multiplici
973 2298 1108 2326 rerum
1137 2288 1359 2327 lubricitate
1387 2291 1475 2328 tulit
1483 2304 1494 2327 .-

638 2357 846 2396 Nobiseum
876 2359 973 2394 nata
995 2359 1053 2394 est
1077 2359 1116 2394 et
1142 2357 1184 2394 in
1214 2357 1298 2405 ipso
1326 2358 1425 2398 flore
1455 2358 1622 2396 iuventte

740 2417 834 2463 Tota
853 2423 950 2471 fere
975 2433 1177 2462 armorum
1199 2425 1332 2472 ¹cloria
1355 2429 1490 2463 nostra
1515 2425 1622 2473 fuit,-

649 2493 756 2532 Vidit
781 2496 820 2530 et
846 2491 986 2530 invidit
1007 2502 1096 2539 quoe
1123 2493 1290 2540 corripit
1315 2494 1447 2531 omnia
1470 2504 1620 2541 secum,

550 2574 599 2599 176
731 2559 786 2598 Et
811 2560 966 2607 siynum
994 2548 1036 2597 tiz
1065 2559 1173 2598 nobis
1197 2571 1239 2598 se
1267 2559 1376 2598 dedit
1400 2571 1483 2599 esse
1512 2561 1651 2606 deam,-

645 2628 832 2675 Quodque
857 2627 941 2674 fuit
967 2629 1080 2666 nulla
1108 2627 1217 2666 nobis
1245 2629 1399 2667 ratione
1427 2629 1661 2680 timendum,

737 2695 788 2734 In
811 2696 983 2744 propria
1003 2706 1146 2735 carcer
1171 2700 1289 2744 ,orente
1312 2700 1486 2746 paratus
1513 2701 1623 2742 erat,-

537 2916 578 2937 ¹⁴¹³
603 2918 744 2961 Aphros
761 2921 795 2952 2.
890 2918 932 2940 ¹³⁴
955 2918 1059 2962 vict.]
1086 2919 1212 2952 fictam
1229 2923 1261 2952 5.
1356 2919 1400 2940 ¹⁴⁵
1425 2923 1577 2953 octenos
1594 2923 1628 2953 2.
1723 2917 1766 2940 ¹⁴⁷
1789 2922 1911 2962 tempe
1934 2928 2056 2952 omnes.
2078 2910 2084 2916 ⁶
2114 2922 2139 2960 ᾗ
2207 2943 2212 2963 :

448 2973 522 3004 Liv.
547 2973 663 3005 XXII.
677 2975 709 3007 4.
727 2986 802 3018 sqq.
896 2974 938 2996 ¹⁸⁹
963 2975 1105 3008 la'crim.
1124 2976 1156 3008 5.
1251 2977 1294 2998 ¹5⁰
1318 2976 1480 3009 millibus
1499 2979 1530 3009 5.
1627 2975 1668 2997 ¹⁵²
1691 2976 1827 3019 Euphr.
1846 2977 1943 3008 3...5.
2034 2973 2080 2996 ¹⁶⁰
2114 2981 2142 3008 ⁶3
2207 2974 2210 2979 '

450 3029 561 3070 eoepti
579 3030 612 3059 2.
625 3031 657 3062 3.
743 3034 892 3074 poteras
910 3033 942 3062 2.
1031 3031 1070 3052 ¹⁶¹
1103 3033 1181 3065 Nee
1211 3034 1281 3065 tibi
1311 3036 1494 3065 tentatum
1524 3043 1639 3077 genus
1663 3032 1867 3065 infoelieius
1893 3031 2094 3076 [infelicius
2116 3031 2139 3057 ἓ)

449 3083 561 3116 unum
580 3087 675 3118 3...5.
746 3086 789 3107 ¹⁶³
814 3091 992 3129 perpetua
1011 3089 1109 3120 3...5.
1180 3088 1223 3110 ¹⁶⁶
1246 3089 1363 3122 hiems
1382 3091 1415 3121 3.
1427 3091 1460 3121 5.
1531 3087 1574 3110 ¹⁷⁶
1601 3089 1651 3130 Cf.
1670 3090 1717 3121 ad
1737 3100 1766 3121 υ.
1784 3087 1839 3121 68.
2127 3127 2129 3131 ἢ
2206 3057 2217 3135 ἱ

2153 3214 2163 3234 ⁴
2207 3215 2217 3249 i

2204 3254 2212 3265 ἱ
