2232 3568
399 200 494 247 312
545 208 649 241 CXL.
677 217 786 239 enom
803 216 851 239 AD
870 216 1029 238 nvi-man.
1047 215 1104 237 Er.
1137 204 1264 237 CXLI.
1282 215 1419 238 ERASm
1437 216 1485 238 AD
1502 216 1586 238 EOB.
1605 216 1708 239 mass.
1726 217 1782 240 ΕΡ.
1802 217 1836 240 D.
1857 212 1903 240 19.
1922 218 2002 241 ocr.
2020 213 2098 244 1⁵19.

397 331 472 361 tum
501 324 534 359 in
566 328 600 358 te
628 321 763 358 vultum
793 332 896 356 suum
926 324 1112 357 convertet
1133 319 1337 359 Germania,
1366 325 1442 356 tum
1470 320 1618 357 verbum
1640 321 1698 357 dei
1729 321 1791 357 abs
1826 327 1861 358 te
1888 334 1969 358 cum
1998 323 2104 361 admi-

306 389 382 421 §.23.
399 381 542 416 racione
580 378 710 413 audiat.
772 376 838 412 Sed
874 388 939 424 per
977 382 1073 412 tuam
1112 376 1421 412 mansuetudinem
1458 382 1493 412 te
1531 388 1622 424 rogo
1661 388 1705 413 ne
1740 383 1823 425 post
1850 378 2040 416 descendas
2068 381 2103 418 in

395 446 537 471 arenam
565 433 823 481 disputaciouis
858 432 1028 480 publicae,
1062 432 1265 480 praesertim
1295 438 1421 468 contra
1444 433 1673 469 temerarios:
1704 434 1867 470 nescisne
1889 434 1984 481 quod
2005 437 2104 482 pueri

395 491 494 527 aiunt
526 489 668 525 ‘Contra
698 488 887 524 verbosum
922 488 996 524 noli
1031 488 1248 524 contendere
1289 488 1439 524 verbis'?
1483 489 1625 537 disputa
1662 489 1755 525 intra
1793 495 1895 525 tuum
1930 497 2105 528 monaste·

396 547 508 587 rium,
544 544 697 585 calamo,
741 545 879 592 quiete;
926 544 1148 580 exactissima
1189 544 1342 580 habetur
1379 545 1579 593 disputacio
1616 557 1694 593 quae
1729 546 1863 581 chartis
1902 546 2132 590 mandatura

399 614 478 650 quae
507 601 624 637 verbis
653 600 751 637 ultro
781 601 946 648 citroque
977 601 1109 640 fertur,
1146 606 1243 636 caret
1278 601 1410 637 iudicio
1450 606 1486 637 ct
1523 613 1618 649 saepe
1657 601 1813 638 animum
1844 601 2059 649 disputantis
2086 615 2105 640 a

306 666 480 698 §atvero
509 657 715 706 perturbat,
745 669 788 693 116
818 657 961 692 interim
986 657 1101 692 dicam
1128 663 1232 704 turpe
1259 668 1337 693 esse
1369 657 1554 705 Theologo
1581 658 1623 693 ad
1653 657 1770 705 iurgia
1793 657 2018 694 descendere.
2064 658 2107 696 Vt

301 717 364 758 fol.
378 716 444 748 14³.
470 709 478 766 Ι
500 714 654 762 primum
675 713 864 750 constabat
885 712 988 749 nobis
1009 713 1084 748 dies
1105 713 1368 753 contentionis,
1404 712 1409 760 Ι
1443 713 1627 762 displicuit
1656 714 1867 751 consilium:
1898 713 1998 749 novit
2017 714 2108 752 enim

398 770 557 807 Bononia
587 781 706 806 mores
735 769 927 809 Eckianos,
956 769 1055 805 novit
1081 775 1117 804 et
1140 768 1293 805 Wienna
1320 769 1428 810 bene,
1466 775 1584 806 tamen
1614 771 1722 820 cessit
1751 782 1818 818 pro
1849 769 1972 809 nohis,
2010 770 2109 807 testi-

307 827 465 869 §.abus
495 826 660 876 epistolis
696 826 821 874 Langii
851 832 887 862 et
916 825 1186 861 Melanchtonis.
1245 825 1329 861 Vale
1360 832 1396 861 et
1427 837 1482 862 me
1513 837 1608 867 ama,
1642 838 1710 874 ego
1741 832 1774 862 te
1802 837 1920 862 amare
1950 837 2021 861 non
2050 826 2108 863 de·
2120 835 2149 863 to

400 884 525 919 sinam.
585 883 760 918 honorem
798 889 897 918 tuum
937 887 1109 929 quantum
1151 882 1227 917 eius
1267 887 1344 917 tuto
1383 881 1460 918 fieri
1497 888 1636 930 potest,
1680 883 1737 919 1116
1765 882 1905 918 tuebor.
1964 881 2110 929 Ignosce

399 939 720 988 extemporalitati,
759 939 866 975 malui
905 944 1020 974 tecum
1057 938 1207 974 verbose
1241 943 1278 974 et
1308 938 1384 974 sine
1410 950 1496 975 cura
1527 938 1684 975 scribere
1712 950 1817 986 quam
1844 943 2008 974 accurate
2034 938 2111 974 bre-

397 1007 475 1032 vem
517 1001 708 1032 contexere
750 994 951 1044 epistolam.
1020 995 1084 1030 Vix
1129 993 1231 1031 licuit
1275 995 1444 1032 revidere.
1512 995 1683 1031 Bononiae
1725 995 1822 1030 xvn.
1862 986 1924 1030 R—ls
1967 993 2112 1031 Novem·

398 1052 473 1088 bris
502 1051 637 1088 Mnxlx
1649 1052 1778 1087 Crotus
1807 1050 2001 1087 Rubianus.

623 1125 904 1170 [Superscriptio
929 1138 950 1159 a
973 1127 1067 1159 nobis
1086 1137 1170 1169 pay.
1191 1127 1272 1159 307.
1299 1127 1346 1159 ad
1368 1128 1521 1168 epistulce
1545 1132 1645 1169 caput
1668 1130 1783 1169 posita
1807 1125 1883 1169 est].
2123 1131 2152 1160 15

422 1382 590 1405 mvn-11.
1118 1360 1407 1410 CXXXXI.
1853 1378 1895 1404 19.
1917 1383 1996 1404 οοτ.
2018 1377 2092 1404 1519.

781 1477 983 1514 ERASMVS
1013 1478 1111 1514 ROT.
1143 1478 1314 1514 EOBANO
1345 1477 1484 1513 HESSO
1516 1477 1598 1513 SVO
1636 1476 1669 1512 S.
1700 1477 1736 1512 D.

515 1567 586 1604 Iam
627 1567 830 1603 arbitrabar
866 1568 952 1604 mihi
990 1567 1105 1616 probe
1145 1568 1328 1615 cognitam
1369 1567 1610 1607 Germaniam,
1654 1572 1691 1603 et
1728 1567 1898 1615 quicquid
1933 1572 2030 1604 esset
2068 1567 2119 1603 in-

403 1625 561 1672 signium
591 1623 839 1671 ingeniorum,
887 1625 1188 1672 pervestigatum:
1236 1623 1441 1660 adamabam
1473 1624 1659 1671 ingenium
1688 1624 1785 1660 Beati
1815 1623 1993 1665 Rhenani,
2040 1620 2130 1660 exo-¹

404 1681 568 1718 sculabar
613 1680 771 1717 indolem
807 1680 964 1728 Philippi
1001 1680 1306 1721 Melanchthonis,
1363 1680 1603 1728 suspiciebam
1647 1680 1838 1728 Capnionis
1888 1680 2163 1730 maiestatem‚2o

403 1737 570 1785 capiebar
601 1736 748 1772 Hutteni
779 1736 936 1777 deliciis,
977 1743 1013 1772 et
1049 1748 1130 1774 ecce
1169 1737 1212 1773 de
1253 1742 1402 1784 repente
1432 1736 1566 1772 Hessus
1598 1737 1693 1784 quod
1724 1736 1874 1773 antehac
1904 1736 1939 1772 in
1971 1735 2122 1784 singulis

405 1793 459 1829 vel
491 1792 651 1829 amabam
683 1792 735 1829 vel
766 1793 939 1834 mirabar,
984 1805 1077 1829 1111113
1108 1793 1315 1829 universum
1345 1792 1523 1829 exhibuit:
1572 1793 1657 1840 quid
1694 1793 1789 1828 enim
1826 1792 1922 1828 aliud
1952 1792 2122 1828 Heroides

406 1856 477 1886 tuae
515 1861 621 1897 quam
666 1849 909 1885 Christianum
939 1849 1099 1885 Ovidium
1137 1849 1323 1886 referunt?
1362 1849 1418 1885 cui
1449 1848 1504 1884 vel
1534 1849 1569 1884 in
1601 1849 1766 1885 oratione
1797 1848 1917 1885 soluta
1945 1847 2123 1896 contingit

407 1918 449 1942 ea
478 1905 647 1945 facilitas,
681 1917 760 1953 quae
792 1905 855 1941 tibi
887 1905 921 1941 in
953 1906 1049 1942 omni
1079 1906 1246 1942 carminis
1279 1906 1437 1952 genere?
1468 1905 1718 1953 Eloquentiam
1741 1910 1860 1953 aequat
1882 1905 2057 1945 eruditio,
2089 1909 2124 1940 et

406 1967 601 2009 utrumque
631 1961 777 1997 decorat
807 1961 1007 1997 Christiana
1038 1962 1164 2010 pietas.
1196 1962 1265 1998 iam
1295 1961 1330 1997 in
1363 1961 1527 1997 oratione
1558 1973 1665 2009 prosa
1696 1961 1779 1997 talis
1819 1973 1875 2001 es,
1915 1966 1956 1996 ut
1986 1960 2165 2001 alienus25

408 2030 427 2054 a
457 2018 613 2054 carmine
652 2017 762 2053 videri
800 2018 930 2066 possis.
991 2018 1017 2054 Ο
1057 2030 1179 2054 venam
1220 2018 1355 2065 ingenii
1391 2029 1473 2053 vere
1512 2029 1656 2054 auream
1670 2008 1690 2052 !'
1716 2017 1787 2054 Nec
1824 2029 1843 2053 a
1882 2016 1966 2052 stilo
2007 2027 2124 2052 mores

409 2074 624 2113 abhorrent,
665 2073 794 2120 quibus
834 2073 922 2109 nihil
961 2075 1165 2114 candidius,
1205 2073 1294 2109 nihil
1334 2073 1547 2122 simplicius,
1586 2073 1676 2109 nihil
1713 2079 1835 2121 potest
1875 2084 1955 2109 esse
1985 2073 2122 2120 purius.

410 2131 498 2166 Rara
537 2130 629 2169 avis,
669 2129 795 2165 eximia
831 2130 994 2166 doctrina
1026 2131 1103 2166 sine
1135 2129 1340 2178 supercilio.
1383 2157 1865 2165 ................
1905 2129 1999 2165 Bene
2038 2127 2124 2168 vale,

411 2185 608 2222 Germaniae
639 2191 775 2221 nostrae
807 2185 860 2221 vel
891 2186 1114 2234 praecipuum
1144 2187 1263 2222 decus.
1323 2186 1468 2222 Lovanii
1494 2186 1576 2221 xlv.
1599 2185 1740 2222 Calend.
1759 2185 1927 2222 Novemh.
1942 2184 2124 2220 M.D.X1X.

409 2295 606 2328 CXXXXI.
649 2293 664 2326 1
678 2307 724 2324 =
739 2295 884 2327 Erasini
899 2296 993 2337 Epp.
1013 2295 1142 2336 (Indic.
1160 2296 1332 2338 bibliogr.
1351 2307 1386 2327 n.
1397 2295 1499 2336 53‚4.)
1518 2307 1553 2337 p.
1568 2295 1663 2327 1902.
1683 2296 1795 2327 XXX.
1808 2294 1842 2327 6.
1942 2294 1964 2326 2
1978 2306 2024 2322 =
2036 2293 2125 2326 ibid.

987 2350 1072 2390 53‚5.
1102 2351 1169 2383 col.
1187 2351 1263 2384 513.
1282 2362 1317 2383 n.
1331 2362 1548 2384 ccccnxxw.

500 2461 513 2483 ⁵
539 2462 773 2496 exactissime
791 2465 825 2496 2.
884 2462 1035 2507 chartis]
1062 2465 1190 2496 martis
1208 2466 1242 2496 2.
1297 2463 1310 2484 ⁶
1335 2463 1430 2495 ultro
1455 2465 1547 2497 omis.
1566 2465 1600 2495 2.
1655 2462 1669 2483 Β
1694 2461 1860 2505 primum]
1887 2463 2075 2505 praemium
2091 2464 2125 2494 2.

412 2518 620 2562 constabat]
649 2523 811 2561 constat,
840 2524 879 2553 at
896 2523 930 2552 2.
1004 2523 1041 2552 et
1067 2520 1259 2553 consilium
1276 2522 1310 2552 2.
1381 2519 1394 2539 ⁹
1418 2519 1559 2552 Eckius
1586 2522 1623 2551 et
1638 2520 1814 2551 Bononiae
1841 2522 1878 2550 et
1902 2519 2126 2551 Vindobonae

411 2577 558 2618 publice
576 2576 620 2608 de
638 2577 758 2608 usuris
775 2577 1042 2619 disputaverat.
1113 2575 1167 2597 ⁹·¹⁰
1184 2577 1341 2609 testibus
1360 2575 1532 2617 expertis,
1559 2576 1601 2607 L.
1621 2576 1655 2607 2.
1727 2573 1754 2595 ¹⁰
1777 2574 2075 2607 Melanchthonis
2092 2575 2126 2606 2.

412 2631 438 2652 ¹¹
466 2633 543 2664 eius
568 2634 660 2665 omis.
680 2634 713 2665 2.
786 2631 814 2653 ¹²
838 2633 962 2666 malim
980 2636 1013 2666 2.
1085 2632 1112 2653 ¹³
1137 2644 1213 2666 xVI.
1235 2632 1385 2665 Calend.
1405 2634 1438 2664 2.

504 2687 530 2708 ¹⁸
554 2689 662 2721 Hanc
696 2689 890 2731 epistolam
922 2690 1081 2722 fortasse
1113 2690 1277 2731 respexit
1307 2688 1498 2727 Eobanus,
1537 2687 1602 2719 sed
1633 2687 1752 2729 magis
1781 2689 1868 2729 puto
1901 2687 2128 2718 Erasmicam

413 2744 576 2777 Hutteno
601 2746 638 2777 in
665 2749 788 2777 annot.
817 2746 863 2777 ad
886 2746 929 2778 N.
946 2746 988 2778 T.
1015 2746 1178 2777 dicatam
1200 2745 1347 2777 laudem
1373 2743 1496 2786 (supra
1520 2754 1555 2778 n.
1573 2743 1725 2775 XXXII.
1743 2742 1964 2784 repetitam),
1994 2752 2073 2774 cum
2090 2741 2128 2773 in

413 2800 608 2842 Hodoepor.
633 2801 810 2843 Erphord.
832 2801 930 2834 1519.
957 2802 1156 2834 scriberet:

727 2858 915 2889 Praeterea
939 2858 1142 2890 Huttenum
1168 2858 1246 2899 quis
1271 2857 1346 2888 iam
1370 2867 1442 2888 non
1466 2856 1585 2895 novit,
1612 2856 1763 2887 Erasmo

728 2914 947 2946 Laudatum.
990 2923 1058 2955 quo
1083 2912 1228 2944 laudari
1253 2911 1317 2953 (sit
1341 2912 1464 2955 gratia
1489 2911 1588 2952 ficto)

725 2968 891 3011 Iuppiter
916 2980 975 3001 ore
1001 2968 1103 3001 velit.

861 3024 917 3057 Cf.
943 3024 1175 3057 Burckhardi
1199 3024 1273 3057 Vit.
1298 3023 1403 3055 Hutt.
1430 3023 1497 3055 ΙΙΙ.
1524 3034 1560 3065 p.
1577 3032 1679 3054 xxm.

2194 3206 2202 3361 *mm-
