2232 3568
481 206 570 252 122
620 213 781 246 XXXVI.
807 218 835 243 2.
851 221 933 242 EOB.
952 218 1060 241 HESSI
1078 218 1284 241 RESPONSIO
1301 217 1474 240 MAxmu..
1491 218 1540 241 An
1558 219 1722 242 nv'rrnm
1739 221 1857 243 EPIST.
1877 221 2024 246 rmum.

582 406 632 432 292

580 671 630 697 296

579 943 628 970 300

579 1212 628 1238 304

579 1482 630 1507 303

577 1754 627 1781 312

577 2024 627 2050 316

575 2293 625 2320 320

574 2563 623 2589 324

551 2907 593 2929 ²⁹¹
618 2909 741 2941 Renus
759 2911 792 2942 2.
865 2913 951 2952 quot
969 2912 1002 2942 2.
1081 2907 1124 2929 ²⁹²
1149 2909 1308 2951 spatium
1326 2911 1358 2941 5.
1429 2907 1473 2929 ²⁹4
1498 2907 1641 2951 Odr.55]
1667 2909 1856 2941 Thracicus.
1927 2906 1970 2928 ²⁹⁵
1993 2905 2123 2944 Persas
2138 2900 2182 2943 a
2225 2893 2232 2930 Ῐ

671 325 832 362 Rhenus
860 322 910 360 ab
939 320 1122 359 Ausoniis
1149 323 1339 368 quantum
1363 320 1475 368 suyit
1501 320 1666 370 Alpibus
1694 326 1732 361 et
1758 324 1865 372 quod

763 390 862 428 Hoec
891 391 994 427 inter
1017 389 1196 436 spacium
1225 387 1378 426 claudit
1402 392 1608 437 utrumque
1635 400 1766 437 mare,

677 457 771 496 Tam
800 459 878 494 late
905 456 1081 503 patrium
1104 465 1270 502 reanum
1297 465 1545 503 exercemus,
1573 460 1610 494 et
1635 458 1738 495 illud
1864 483 1872 499 ,

776 524 852 561 Vix
880 524 996 560 etiam
1028 521 1206 570 Odrysiis
1233 523 1418 560 terminat
1443 523 1548 561 Ister
1575 526 1703 572 aquis.

676 591 787 630 Unde
815 601 887 628 nec
915 589 1099 630 imbelles¹
1113 589 1237 627 Indos
1264 591 1443 628 mollesve
1471 589 1649 638 Sabaeos,

761 658 842 696 Nec
872 657 1035 695 Persam
1065 657 1216 695 medias
1246 657 1424 696 ducimus
1453 659 1555 696 inter
1575 669 1691 707 opes,-

668 725 752 765 Sed
775 737 902 774 penus
935 735 1030 763 acre
1053 726 1180 762 virum
1202 723 1395 772 ferroque
1423 725 1626 764 horrentia
1656 728 1735 765 late

766 794 952 841 Aqmina,
984 802 1060 830 non
1087 793 1220 839 aliquo
1248 798 1358 830 sueta
1382 792 1515 831 labore
1541 795 1688 841 premi,

671 862 830 900 Gentem
859 861 989 898 animo
1017 859 1210 906 infracto,
1237 861 1453 908 patientem
1478 860 1617 908 friqus
1645 865 1684 899 et
1706 866 1860 909 testum,

766 928 938 976 Tamque
966 929 1066 966 sitim
1093 927 1210 965 docta
1237 937 1356 975 quam
1384 929 1557 966 tolerare
1581 927 1755 976 famem:

669 997 743 1036 His
771 1006 842 1044 eqo
867 999 920 1034 tot
940 996 1100 1043 populis
1129 995 1284 1033 Gallum
1310 995 1522 1044 prohibere
1550 998 1742 1035 minacem

765 1064 900 1111 Deque
931 1067 994 1101 tuo
1013 1064 1126 1111 potui
1143 1064 1316 1110 pellere,
1348 1069 1390 1100 ut
1418 1069 1530 1110 ante,
1554 1065 1643 1102 sinu
1652 1078 1667 1109 ‚-

670 1133 859 1170 Fortunoe
887 1131 959 1169 sed
983 1134 1071 1168 erat
1099 1130 1317 1168 cedendum
1347 1132 1530 1178 temporis
1559 1132 1694 1180 huius,

763 1199 888 1244 Quam
909 1208 1014 1245 soepe
1045 1198 1207 1235 invitam
1229 1197 1440 1236 detinuisse
1466 1203 1597 1237 nocet:
1615 1242 1627 1252 φ

669 1265 784 1304 Nunc
810 1265 948 1303 eadem
977 1268 1152 1303 eventum
1183 1266 1380 1302 meliorem
1406 1266 1572 1314 spondet
1598 1270 1636 1305 et
1662 1267 1784 1306 audet

762 1333 911 1388 Dicere¹
935 1343 976 1371 se
998 1331 1105 1379 facti
1128 1333 1356 1380 poenituisse
1384 1334 1459 1371 sui.

668 1401 770 1439 Fata
797 1400 915 1438 datas
942 1410 1052 1448 oeque
1080 1410 1215 1438 rerum
1241 1400 1494 1439 moderentur
1517 1400 1712 1449 habenas,

765 1468 920 1506 Certum
947 1471 1004 1505 est
1031 1468 1110 1505 sive
1137 1467 1207 1505 tibi
1233 1468 1389 1506 vincere
1417 1469 1497 1506 sive
1524 1470 1626 1507 mori
1632 1483 1645 1506 .-

679 1536 834 1574 Viribus
860 1536 1021 1583 imperii
1041 1535 1190 1573 sociata
1218 1535 1452 1573 resumimus
1477 1546 1593 1574 arma

762 1603 932 1641 Ducturi
957 1603 998 1640 in.
1019 1604 1120 1649 sines
1139 1604 1322 1650 protinus
1350 1603 1428 1648 illa,
1447 1605 1549 1650 tuos,

667 1670 791 1710 Arma
820 1681 892 1709 nec
920 1672 1124 1718 antiquum
1153 1673 1302 1708 tantum
1332 1671 1467 1708 visura
1498 1669 1744 1719 Tridentum,

758 1737 883 1776 Arma
909 1749 986 1786 per
1015 1737 1184 1786 Alpinas
1210 1739 1325 1786 lonae
1354 1737 1511 1777 abitura
1534 1741 1653 1778 nives.

673 1807 768 1845 Tum
798 1817 923 1854 neque
945 1805 1168 1852 foedifraqi
1191 1815 1327 1844 uecors
1356 1807 1514 1844 insania
1541 1807 1648 1845 Galli

762 1874 948 1922 Euqanei
969 1874 1124 1911 obsistet
1151 1883 1224 1912 nec
1249 1873 1407 1912 domina
1436 1874 1507 1912 illa
1536 1875 1659 1912 maris
1667 1889 1681 1919 ,-

666 1942 752 1981 Non
783 1943 952 1990 aliquem
979 1941 1086 1979 dices
1117 1939 1370 1979 Fridericum
1399 1943 1612 1980 animosius
1635 1944 1728 1990 isse,

759 2009 963 2058 Europam
992 2012 1110 2056 atque
1137 2007 1273 2046 Asiam
1297 2007 1472 2056 freqerit
1499 2010 1564 2048 ille
1589 2011 1700 2055 licet,-

672 2077 767 2116 Tum
796 2077 894 2114 mihi
919 2075 1176 2124 retroqrados
1204 2076 1411 2114 Florentia
1438 2078 1605 2125 pinqere
1634 2088 1801 2117 cancros

762 2144 917 2182 Audeat
944 2148 982 2182 et
1009 2145 1121 2182 claro
1147 2143 1217 2181 sub
1244 2143 1337 2182 Iove
1359 2143 1476 2190 ferre
1501 2144 1642 2194 faces;

671 2211 766 2250 Tum
795 2211 934 2250 mediis
956 2210 1063 2258 faxo
1090 2212 1254 2249 recitent
1276 2222 1376 2249 nova
1404 2213 1586 2250 carmina
1615 2215 1775 2262 saenis,

761 2279 984 2327 Contempta
1012 2283 1179 2317 careant
1201 2280 1312 2317 nulla
1341 2279 1497 2317 theatra
1527 2282 1613 2319 mei.

665 2347 752 2386 Non
781 2350 911 2385 tamen
940 2347 1011 2384 illa
1033 2349 1185 2384 movent
1210 2353 1398 2394 quantum
1431 2351 1499 2391 tua
1525 2348 1674 2386 damna
1695 2360 1911 2397 precesque

764 2413 926 2462 Udaque
951 2413 1000 2451 de
1029 2414 1244 2462 lachrymis
1268 2415 1399 2453 littera
1425 2414 1542 2462 facta
1570 2417 1658 2454 tuis.

668 2482 845 2529 Qualibet
873 2482 1044 2529 interea,
1075 2482 1259 2529 quoniam
1287 2482 1394 2529 licet,
1423 2482 1603 2531 improba
1631 2485 1777 2522 iactent

759 2549 928 2588 Consilia
955 2550 1108 2597 inqrati
1129 2549 1303 2598 pessima
1333 2550 1449 2588 turba
1474 2551 1615 2598 animi,

665 2618 789 2656 Poena
816 2618 942 2656 scelus
967 2628 1041 2655 sua
1072 2617 1252 2665 quodque
1275 2622 1424 2665 manet,
1454 2618 1538 2656 sine
1565 2619 1730 2658 crimine
1758 2619 1856 2657 loesa

757 2686 914 2724 Invenit
940 2687 1085 2725 ultores
1110 2686 1242 2733 qloria
1271 2696 1366 2724 vera
1395 2685 1499 2723 deos.

463 2964 505 2984 ³⁰³
525 2965 686 3007 oqdendfi
702 2967 736 2997 2.
800 2965 844 2987 ³⁰⁹
860 2967 1008 2998 Viribus
1026 2968 1060 2998 2.
1123 2963 1166 2986 ³¹³
1183 2976 1302 3007 neque
1319 2965 1476 3008 raptoris
1494 2975 1622 2997 vecors
1642 2963 1793 3007 [vaecors
1811 2962 1859 3006 3.]
1880 2966 1925 2997 3.
1931 2966 1974 2996 ..5

463 3021 648 3053 derichum
669 3024 700 3053 3.
712 3024 744 3054 4.

463 3080 495 3108 et
519 3087 623 3118 supra
640 3079 738 3110 Ilutt.
764 3089 866 3110 carm.
884 3090 912 3110 v.
930 3078 1008 3111 240.
1080 3077 1124 3099 ³²²
1148 3078 1311 3110 lacrimis
1329 3080 1362 3110 5.
1432 3077 1543 3109 litera
1562 3079 1595 3110 3.
1605 3079 1638 3110 5.

2037 2962 2082 2985 315
2095 2962 2173 2996 pn..
2218 2940 2232 2988 J

814 3021 858 3042 ³¹⁷
885 3023 936 3063 Cf.
962 3023 1108 3054 Huttem'
1130 3023 1307 3064 epiyr.1n
1324 3022 1507 3064 picturam
1524 3021 1568 3053 de
1587 3021 1745 3054 Caesare.
1763 3022 1913 3063 „Nuper
1928 3015 2174 3064 retrogrado-'⁸2
2219 3013 2232 3054 ’ὖ
