2078 3469
12 598 15 671 —-
12 485 15 575 -.
13 413 16 460 -
11 0 19 379 ---..-«—.-——-—.<.-

97 237 285 274 CXXXVI.
305 246 442 269 EnAsm
460 247 508 268 An
526 247 707 269 HOCHSTR.
728 247 783 269 ΕΡ.
827 236 1038 269 CXXXVII.
1058 245 1179 270 mvsr).
1200 247 1247 269 AD
1264 245 1347 269 ALB.
1367 246 1452 269 moer.
1472 246 1528 270 ΕΡ.
1551 242 1627 270 1519.
1702 226 1797 275 305

96 354 237 391 lentiam
268 351 368 387 nullo
398 356 505 399 pacto
537 351 632 387 ferre
663 352 881 399 potuissem,
919 352 987 387 nisi
1019 352 1151 399 scripta
1182 352 1282 399 prius
1314 364 1352 388 ea
1390 352 1558 400 legissem
1597 353 1726 401 quibus
1757 353 1799 390 ad

96 412 183 447 hanc
213 408 459 455 intemperiem
490 407 702 443 videbantur
733 408 881 443 efferati.
941 419 1000 444 eas
1032 408 1143 454 igitur
1173 419 1245 443 non
1277 408 1427 456 simplici
1458 421 1537 444 cum
1567 409 1693 445 dolore
1714 409 1799 456 legi.

97 477 188 502 nunc
218 464 379 503 illorum,
411 475 505 499 nune
538 469 633 498 tuam
664 464 773 499 vicem
796 464 1052 510 ingemiscens,
1085 463 1234 499 subinde
1256 470 1418 500 metuens
1440 476 1484 500 ne
1505 465 1609 501 bonis
1631 470 1667 501 et
1687 466 1800 513 aequis

95 522 177 557 viris
208 525 278 555 tam
298 518 434 566 ¹acerba
465 519 622 554 convicia
654 530 727 554 non
759 520 904 555 omnino
943 520 977 554 in
1015 520 1261 555 immerentem
1298 520 1469 556 contorta
1502 521 1726 561 viderentur;
1765 526 1802 557 et

68 582 211 613 ⁵tamen
242 574 324 611 illos
355 574 551 610 iudicabam
583 575 768 621 indignos,
801 587 819 610 a
852 575 980 622 quibus
1011 575 1185 610 eiusmodi
1207 575 1469 616 scriberentur,
1503 582 1538 612 et
1559 582 1594 612 te
1615 577 1800 625 cupiebam

97 632 277 678 indignum
308 630 418 665 videri
450 630 485 665 in
518 642 623 677 quem
655 630 918 666 scriberentur:
959 642 1038 666 nam
1071 631 1192 678 paucis
1223 636 1305 667 ante
1335 632 1461 667 diebus
1492 633 1651 668 exierant
1689 633 1801 668 libelli

97 689 188 727 duo,
221 698 372 733 quorum
404 685 519 721 altero
552 697 740 733 oppugnas
771 686 1015 722 Cabalisticam
1047 687 1257 734 Capuionis,
1293 687 1407 723 altero
1438 689 1635 735 respondes
1666 689 1709 723 iis
1741 689 1802 736 qui

99 743 240 780 student
270 741 460 789 Capuioni,
493 742 594 777 euius
625 742 766 789 phrasis
800 748 917 777 tamen
948 743 1062 789 magis
1093 742 1220 789 resipit
1251 742 1422 778 Gratium.
1482 743 1575 778 Nihil
1597 744 1653 780 hic
1674 756 1801 780 rursus

99 799 284 845 attingam,
316 799 433 833 utrius
463 810 569 833 causa
599 798 684 832 mihi
716 798 828 845 magis
860 798 1033 833 arrideat:
1065 809 1181 844 neque
1211 799 1304 833 enim
1335 799 1420 833 mihi
1450 800 1613 834 mandata
1644 805 1698 835 est
1728 801 1803 836 haec¹

56 864 86 890 10
98 854 292 903 provincia,
325 859 360 889 et
391 854 420 888 si
451 854 661 893 mandetur,
693 854 817 889 videor
846 854 932 888 mihi
963 853 1118 888 libenter
1155 859 1404 894 recusaturus,
1444 866 1510 890 nec
1546 860 1680 891 tantam
1716 856 1802 891 milii

97 921 224 956 arrogo
254 909 470 949 doctrinam,
511 915 550 944 ut
591 910 788 944 existimem
827 921 881 944 me
919 920 1028 956 posse
1068 910 1307 956 pronunciare
1346 911 1388 945 de
1419 911 1535 946 causis
1569 916 1638 946 tam
1669 912 1801 951 arduis,

97 967 131 1002 in
161 964 289 1012 quibus
320 965 514 1000 identidem
546 965 728 1000 lizereseos
759 965 798 999 fit
828 965 982 1000 mentio:
1025 964 1199 1011 siquidem
1237 965 1272 999 iu
1310 967 1502 1012 praesentia
1540 978 1611 1001 non
1642 978 1711 1013 ago
1741 979 1803 1002 ne-

97 1021 233 1070 gocium
264 1020 474 1068 Capnionis‚
514 1026 613 1055 tuum
644 1021 765 1067 potius
796 1032 863 1067 ago
895 1021 1103 1067 negocium,
1150 1026 1185 1055 et
1218 1021 1389 1065 hactenus
1428 1033 1516 1068 ago,
1556 1027 1596 1057 ut
1631 1022 1735 1058 velim
1769 1028 1802 1058 te

98 1077 205 1124 magis
243 1076 278 1112 in
316 1082 503 1124 posterum
543 1076 710 1123 dignitati
752 1081 820 1111 tine
857 1075 1048 1112 consulere
1087 1087 1127 1111 ac
1156 1076 1276 1111 decori
1307 1077 1523 1112 meminisse.
1583 1089 1648 1113 nec
1677 1078 1802 1113 dubito

59 1143 86 1169 15
99 1133 181 1180 quin
211 1133 286 1180 ipse
318 1138 354 1168 et
383 1133 579 1180 perspicias
611 1137 647 1168 et
677 1132 901 1172 memineris,
940 1132 1001 1167 sed
1032 1132 1125 1167 haud
1157 1132 1231 1167 scio
1263 1144 1306 1167 an
1338 1132 1402 1168 tibi
1434 1145 1578 1180 quoque
1609 1145 1709 1169 more
1740 1134 1804 1169 ho-

95 1189 224 1224 minum
254 1200 322 1224 usu
352 1189 487 1229 veniat,
520 1193 560 1224 ut
590 1189 745 1235 impetus
776 1193 811 1223 et
841 1188 940 1223 calor
970 1188 1215 1223 contentionis
1247 1188 1371 1224 oculos
1403 1194 1486 1225 tuos
1516 1194 1640 1225 avocet
1661 1189 1802 1226 alieubi.

97 1272 569 1280 ................
610 1244 713 1284 Vale,
752 1250 857 1291 pater
888 1245 1031 1283 eximie,
1074 1256 1201 1292 meque
1242 1245 1339 1280 refer
1376 1245 1411 1280 in
1450 1257 1574 1280 eorum
1615 1257 1802 1282 numerum

71 1291 154 1348 'qui
184 1305 279 1335 tuam
311 1301 581 1348 amplitudinem
612 1301 886 1347 haudquaquam
919 1300 998 1335 fiete
1029 1300 1196 1347 diligunt.
1246 1301 1416 1336 maiorem
1439 1301 1473 1336 in
1495 1302 1638 1337 modum
1660 1313 1801 1349 precor,

96 1362 134 1391 ut
162 1367 216 1391 me
246 1356 318 1391 tuis
350 1357 481 1392 sanctis
514 1356 680 1403 precibus
719 1356 862 1392 Christo
901 1357 1151 1391 connnendare
1190 1356 1368 1403 digneris,
1408 1358 1467 1404 qui
1507 1368 1573 1392 suo
1612 1358 1802 1393 mitissimo

51 1421 82 1448 20
95 1412 220 1460 spiritu
241 1424 383 1460 semper
403 1413 559 1449 animum
581 1418 682 1448 tuum
703 1413 922 1448 moderetur.
953 1412 1168 1460 Antverpiae.
1191 1413 1243 1447 III.
1260 1413 1307 1448 Id.
1325 1414 1476 1460 August.
1499 1414 1601 1449 Anno
1617 1413 1704 1449 Mi).
1718 1413 1802 1449 xlx.

113 1731 340 1754 ANTVERPIAE.
785 1711 1095 1762 CXXXVII.
1535 1731 1577 1757 16.
1596 1735 1682 1757 AVG.
1702 1731 1780 1758 1519.

191 1836 570 1863 REVERENDISSIMO
604 1837 647 1863 IN
681 1837 867 1864 CHRISTO
898 1840 1030 1865 PATRI
1059 1838 1113 1864 AO
1144 1838 1336 1865 PRINCIPI
1367 1839 1697 1867 ILLVSTRISSIMO

722 1892 914 1924 DOMINO
939 1892 1165 1924 ALBERTO

314 1949 502 1975 ROMANAE
543 1949 763 1976 ECCLESIAE
803 1952 868 1976 TT.
909 1951 942 1977 S.
976 1951 1254 1977 CHRYSOGONI
1290 1952 1571 1979 PRESBYTERO

50 2011 80 2037 25
361 2005 689 2032 MOGVNTINENSI
711 2007 764 2032 AC
786 2007 1153 2033 MAGDEBVRGENSI
1174 2007 1519 2034 ARCHIEPISCOPO

439 2061 566 2088 SACRI
598 2063 765 2088 IMPERII
796 2063 990 2089 PRINCIPI
1020 2063 1235 2089 ELECTORI
1267 2065 1447 2090 PRIMATI

510 2119 564 2144 ΕΤ
595 2119 971 2146 ADMINISTRATORI
1002 2120 1386 2147 HALBERSTATENSI

554 2175 798 2202 MARCHIONI
819 2176 1240 2202 BRANDENBVRGENSI
1262 2171 1329 2202 CCC.

618 2231 818 2268 ERASMVS
839 2233 1159 2269 ROTERODAMVS
1182 2233 1215 2268 S.
1237 2233 1273 2268 D.

49 2330 79 2357 3ο
196 2319 234 2355 111
273 2325 343 2355 tam
382 2321 564 2356 immensis
602 2322 802 2357 studiorum
842 2321 1026 2358 laboribus
1065 2322 1274 2358 lassescenti
1306 2334 1562 2370 nonnunquam
1593 2334 1664 2359 non
1695 2324 1801 2359 modo

89 2374 217 2416 calcar,
257 2377 319 2412 sed
350 2382 384 2412 et
416 2377 528 2413 robur
557 2378 654 2413 addit
693 2379 780 2414 adeo
820 2390 1022 2427 propensus
1056 2384 1125 2414 tuse
1157 2378 1380 2415 celsitudinis
1412 2379 1511 2414 favor
1542 2406 1800 2414 .........

91 2458 658 2469 ...................
719 2435 788 2470 Iani
819 2447 903 2471 vero
936 2440 1108 2482 quantum
1139 2434 1353 2481 benignitati
1386 2440 1455 2470 ture
1494 2440 1529 2469 et
1560 2434 1706 2470 Hutteni
1738 2447 1801 2471 no-

88 2487 178 2523 mine
208 2488 373 2528 debeam,
413 2490 455 2525 de
488 2501 559 2537 quo
592 2490 641 2525 sic
672 2491 757 2526 mihi
789 2492 961 2538 praesagit
991 2491 1147 2530 animus,
1188 2489 1368 2526 hominem
1405 2490 1594 2537 aliquando
1633 2502 1801 2538 maguum

91 2550 334 2580 ornamentum
365 2551 500 2581 nostra³
533 2546 730 2582 Germaniae
761 2547 940 2586 futurum,
982 2547 1011 2581 si
1042 2547 1148 2581 modo
1180 2551 1215 2581 et
1245 2546 1301 2581 dei
1332 2546 1501 2593 praesidio
1532 2546 1602 2581 vita
1633 2553 1802 2594 suppetat

49 2609 78 2635 35
91 2603 125 2634 et
155 2604 222 2636 tuae
252 2601 475 2637 celsitudinis
507 2602 628 2637 favore
659 2614 732 2638 non
762 2603 998 2638 destituatur:
1045 2614 1126 2637 nam
1157 2602 1248 2638 hanc
1278 2602 1413 2649 ingenii
1448 2602 1643 2643 lasciviam,
1683 2609 1722 2638 ut
1753 2604 1801 2638 ita

89 2718 296 2752 CXXXVII.
346 2721 426 2753 Hoc
452 2732 663 2763 responsum
689 2722 734 2753 ad
760 2732 815 2763 ep.
834 2722 866 2753 d.
890 2721 939 2754 13.
959 2722 1037 2753 Iun.
1057 2732 1088 2753 a.
1111 2720 1206 2753 1519.
1234 2721 1357 2763 (supra
1382 2732 1416 2753 n.
1437 2722 1650 2763 CXXVIII.)
1677 2722 1802 2754 datam

363 2780 489 2808 statim
514 2780 598 2818 post
622 2777 717 2808 hanc
745 2778 782 2808 in
809 2778 985 2819 exemplis
1012 2778 1057 2809 ad
1084 2778 1236 2808 eandem
1264 2778 1342 2808 citt.
1369 2777 1517 2818 legitur.

175 2863 201 2884 ¹⁶
226 2865 389 2908 alicubi.]
431 2867 520 2906 Quae
552 2870 751 2908 sequuntur
785 2878 864 2898 cum
891 2867 936 2898 ad
957 2868 1159 2898 Huttenum
1190 2877 1261 2898 non
1293 2868 1525 2908 pertineant,
1561 2869 1724 2909 quamvis
1756 2869 1803 2900 ad

89 2919 200 2960 ipsum
216 2921 405 2953 Erasmum
423 2923 755 2964 Hochstratumque
774 2924 1047 2965 cognoscendos
1066 2927 1102 2954 et
1120 2922 1366 2954 adReuchlini
1386 2933 1533 2954 causam
1547 2923 1801 2956 illustrandam

53 2980 61 2988 “
91 2976 219 3016 optime
240 2977 392 3013 faciant,
406 2979 525 3020 operis
543 2980 658 3010 nostri
678 2979 770 3010 ratio
789 2983 957 3020 repetere
975 2982 1090 3010 vetat..
1153 2977 1182 2998 ²⁰
1203 2978 1253 3009 ll.
1272 2977 1638 3021 Angusti[sie],Anno
1660 2979 1754 3012 1519.
1769 2983 1801 3012 5.

177 3030 205 3051 ²⁹
237 3043 403 3065 ERAsmvs
438 3044 519 3065 ROT.
549 3045 718 3066 ALBERTO
752 3044 857 3066 CARD.
884 3044 1089 3066 MOGVNTIN.
1117 3044 1146 3066 s.
1165 3046 1199 3066 D.
1225 3036 1257 3065 2.
1296 3039 1328 3065 et
1364 3037 1517 3066 similiter
1554 3038 1803 3077 inscriptionem

90 3092 332 3120 contraxerunt
359 3091 391 3123 3.
409 3101 484 3133 sqq.

166 3143 339 3178 Hv‘r'rmu
366 3146 454 3179 01³1).
482 3157 564 3180 vox..
591 3147 620 3178 1.
1458 3145 1510 3187 20
