2232 3568
443 198 538 246 322
590 206 680 239 CLI.
700 215 830 238 cocm..
848 214 896 236 AD
914 213 1063 236 rumim.
1081 213 1137 235 ΕΡ.
1180 201 1291 235 CLII.
1311 213 1419 236 nvr‘r.
1437 213 1485 235 AD
1504 213 1664 236 norman.
1683 214 1738 236 ΕΡ.
1758 209 2056 239 n.13.1==1·:nn.1520.

445 323 585 359 solutus
615 325 670 355 est
701 331 720 354 a
749 318 846 354 curia
877 317 931 352 sui
962 316 1152 353 cardinalis
1181 328 1261 353 cum
1292 316 1385 353 bona
1408 316 1502 353 illius
1533 319 1668 364 gratia;
1699 318 1804 355 habet
1827 319 1940 356 adhue
1961 319 2003 355 al)
2024 331 2066 356 eo
2085 332 2143 358 an-

371 380 428 412 §.7-
445 389 552 414 nuum
575 375 803 422 stipendium.
853 373 960 408 Putat
981 384 1018 408 se
1042 373 1198 408 tibicito
1220 384 1261 408 ex
1281 373 1475 420 Bamherga
1507 374 1735 421 scripturum.
1787 374 1964 422 Opuscula
1983 375 2144 418 Maxentii

369 493 428 524 §.S.

444 432 578 469 absolvi
610 430 770 478 quidem,
802 428 958 463 nondum
992 433 1109 464 tamen
1142 429 1342 470 transmisi;
1381 429 1416 464 in
1456 430 1563 464 horas
1594 435 1712 466 autem
1743 435 1961 477 oportunum
1999 437 2143 478 expecto

442 488 610 524 nuncium
639 497 705 533 per
733 484 913 531 hospitem
944 483 1247 531 Kobergerorum.
1307 484 1426 520 Adieci
1457 484 1647 532 epistolam
1677 486 1719 521 ad
1749 485 1952 533 Philippum
1979 485 2144 524 Fursten-

443 544 589 590 berger,
623 541 683 589 qui
714 551 903 588 supremus
934 545 990 575 est
1019 540 1076 576 hie
1107 540 1278 587 magister
1307 540 1455 580 civium,
1496 541 1604 576 homo
1637 541 1688 576 tui
1719 541 2001 582 amantissimus,
2032 541 2169 580 literiss

444 609 587 646 quoque
618 602 653 632 et
684 596 815 632 Graecis
845 601 881 631 et
911 595 1045 631 Latinis
1077 596 1306 632 mediocriter
1336 596 1515 636 eruditus,
1549 597 1579 632 is
1609 602 1707 633 certe
1739 597 1799 644 qui
1829 597 1960 632 dudum
1990 609 2057 645 pro
2077 599 2145 635 tuis

370 660 393 691 ἕ.
404 660 427 687 9.
443 652 774 690 elucubrationibus
795 651 1065 698 Norimbergam
1095 652 1253 687 miserat.
1314 651 1397 687 Erat
1427 663 1543 702 nuper
1571 652 1776 693 nobiscum,
1809 653 1843 688 id
1873 658 1929 688 est
1958 664 2037 688 eum
2063 653 2147 690 Hut-

320 1420 322 1422 ’
375 1439 435 1470 §.1.

375 1772 436 1804 §.2

375 2105 399 2138 §.
409 2107 434 2135 3.

443 716 527 746 teno
559 714 595 745 ct
615 719 752 744 mecum
783 707 818 742 in
848 718 947 743 crena
978 707 1102 743 decani
1134 707 1167 742 S.
1190 707 1450 747 Barfflolomei,
1483 719 1518 742 111
1550 720 1618 755 qua
1647 707 1845 745 honorifica
1865 708 1908 744 de
1930 713 1965 743 te
1986 708 2076 745 sacta
2095 713 2148 746 est

442 764 597 805 mentio,
637 769 673 800 et
704 763 740 799 in
770 763 924 811 epistola
955 774 1100 811 quoque
1131 763 1174 798 ad
1204 775 1283 799 eum
1314 763 1356 799 de
1388 769 1422 799 te
1453 764 1672 800 mentionem
1703 764 1789 805 feci,
1821 763 1888 799 fide
1918 763 2014 800 sorte
2042 765 2147 802 maio-

442 834 528 861 rem,
550 820 689 857 meritis
710 825 808 855 certe
830 819 901 855 tuis
922 818 1031 866 longe
1052 819 1227 854 minorem
1232 846 1649 860 ..............
1650 835 1654 839 ·
1673 847 2146 860 ................
2158 827 2190 854 ιο

441 878 572 913 lterum
603 875 690 912 vale.
722 875 770 910 Ex
791 874 1058 912 Franckrordia.
1091 879 1124 914 8.
1146 875 1203 911 die
1224 874 1420 911 Februarii.
1452 876 1555 911 Anno
1574 875 1643 911 XX.

469 1128 742 1151 STECKELBERG.
1172 1161 1178 1165 ι
1227 1105 1381 1153 CLII·
1867 1122 1908 1148 13.
1927 1127 2033 1148 FEBR.
2056 1123 2128 1150 1520.

1288 1197 1320 1233 1.

912 1272 1255 1311 HVLDERICHVS
1286 1273 1350 1312 DE
1380 1273 1581 1312 HVTTEN
1612 1273 1688 1318 EQ.

577 1342 844 1378 SEBASTIANO
874 1342 927 1377 DE
957 1342 1194 1377 ROTENHAN
1223 1342 1369 1386 EQVITI
1399 1343 1497 1378 AVR.
1530 1343 1671 1378 ADFINI
1702 1342 1783 1378 SVO
1814 1342 2026 1386 SALVTEM.
2162 1342 2190 1381 35

562 1410 731 1468 Sollicite
762 1429 800 1466 in
832 1428 1002 1479 epistolis
1033 1429 1127 1473 tuis,
1167 1428 1389 1468 dulcissime
1419 1430 1573 1474 adfinis,
1615 1430 1706 1481 quid
1746 1429 1914 1468 scribam
1951 1430 2025 1468 boe
2060 1434 2152 1470 tem-

445 1510 542 1549 pore
573 1502 610 1536 et
640 1509 687 1534 an
719 1497 876 1534 omnino
907 1495 1049 1546 aliquid
1080 1497 1266 1541 scribam,
1299 1497 1552 1547 percontaris,
1613 1496 1737 1535 Studii
1768 1502 1825 1535 est
1855 1496 1947 1535 illnd
1978 1497 2053 1541 tui;
2084 1497 2154 1537 hoc

446 1566 539 1603 sacis
570 1568 711 1614 prseter
741 1575 910 1607 morem,
942 1564 1015 1601 nisi
1046 1576 1217 1614 unquam
1248 1563 1429 1601 dubitasti
1460 1564 1567 1613 prius
1595 1563 1737 1614 aliquid
1767 1563 1940 1602 seribere
1963 1576 2025 1602 me
2046 1564 2153 1603 etiam

446 1633 485 1670 in
515 1630 601 1670 aula
632 1634 869 1673 versantem,
901 1630 1157 1680 inquietudini
1190 1637 1227 1669 et
1256 1630 1380 1669 turbis
1411 1630 1590 1668 obnoxia.
1652 1630 1717 1669 sed
1757 1642 1861 1668 nunc
1899 1632 2061 1669 fortasse
2097 1642 2154 1670 ar-

446 1698 603 1737 bitraris
633 1708 695 1749 me
725 1697 763 1734 in
794 1697 867 1735 hac
897 1696 1052 1747 specula
1085 1709 1257 1742 cessare,
1298 1697 1365 1735 ubi
1403 1696 1462 1735 vel
1498 1698 1666 1736 maxime
1705 1697 1923 1749 solitudinis
1959 1698 2195 1738 occasionem

449 1777 564 1815 agere
595 1763 737 1814 aliquid
769 1764 992 1802 huiusmodi
1023 1765 1212 1803 convenit.
1273 1764 1395 1802 Huius
1425 1765 1482 1802 rei
1513 1769 1785 1814 argumentum
1815 1765 1936 1804 habes
1956 1763 2155 1804 Vadiseum

448 1832 663 1882 dialogum,
704 1843 820 1881 quem
857 1843 945 1869 cum
983 1829 1066 1868 aliis
1105 1832 1259 1881 peperit
1295 1831 1388 1869 mihi
1429 1831 1537 1881 quies
1568 1831 1654 1870 haee
1680 1836 1795 1882 atque
1825 1832 1865 1870 hi
1903 1836 2066 1870 montes.
2122 1830 2157 1876 Is

449 1896 485 1937 si'
509 1899 694 1949 placebit,
737 1897 941 1936 eonsilium
972 1910 1127 1949 quoquc
1157 1911 1288 1937 meum
1319 1898 1526 1936 secedendi
1558 1899 1744 1949 tantisper
1775 1898 1822 1937 ab
1854 1898 1940 1937 aula
1976 1911 2053 1937 non
2089 1899 2169 1947 ima,

450 1965 645 2016 probabis.
706 1964 803 2002 Nolo
835 1964 1108 2003 commendare
1137 1964 1207 2003 tibi
1237 1964 1381 2003 librum
1413 1969 1455 2003 ut
1476 1964 1642 2010 bonum,
1675 1978 1762 2004 cum
1785 1978 1848 2005 res
1869 1978 1944 2017 qua
1966 1966 2013 2005 de
2033 1964 2156 2005 scribo

449 2033 615 2083 pessima
646 2032 713 2076 sit;
759 2036 802 2070 ut
831 2031 997 2070 liberum
1030 2036 1067 2070 et
1097 2043 1228 2069 verum
1270 2033 1432 2070 fortasse
1472 2031 1576 2076 volo;
1625 2045 1701 2084 quo
1739 2034 1896 2072 nomine
1930 2032 1989 2072 vel
2027 2020 2181 2084 gratis-⁵2

450 2101 570 2138 simus
601 2110 685 2137 esse
715 2097 785 2136 tibi
815 2098 948 2142 debet;
982 2098 1063 2148 ipse
1094 2099 1249 2148 quidem
1281 2099 1393 2143 mibi,
1427 2100 1458 2137 si
1488 2111 1673 2150 usquam,
1696 2101 1735 2138 in
1756 2100 1831 2139 hoe
1853 2100 2006 2151 placeo:
2036 2101 2156 2139 vineta

452 2171 534 2205 erat
564 2165 722 2204 libertas
752 2169 883 2203 nostra
916 2169 952 2203 et
982 2165 1186 2214 pontificiis
1217 2165 1399 2215 impedita
1431 2165 1596 2216 laqueis,
1637 2166 1762 2212 solvo;
1804 2166 1983 2206 exulabat
2013 2156 2157 2212 veritas,

450 2233 620 2283 relegata
649 2231 750 2270 ultra
782 2231 1033 2288 Garamantas
1065 2236 1102 2269 et
1133 2231 1267 2276 Indos,
1299 2233 1457 2271 reduco.
1518 2233 1548 2270 T
1552 2233 1621 2271 alis
1651 2246 1703 2278 ac,
1726 2235 1820 2272 tanti
1852 2235 2034 2273 facinoris
2069 2233 2158 2272 mihi

452 2300 629 2339 conscius
659 2310 736 2336 non
768 2298 918 2336 adfecto
949 2298 1149 2348 publicum
1179 2299 1401 2348 praemium:
1440 2299 1534 2338 illud
1574 2305 1687 2350 peto,
1726 2302 1845 2352 siquis
1884 2314 1946 2340 me
1982 2301 2058 2340 hoc
2092 2301 2157 2339 im·

451 2366 702 2417 pugnandum
732 2365 889 2404 nomine
919 2365 1090 2410 duxerit,
1131 2370 1173 2404 ut
1210 2378 1385 2405 caussam
1416 2378 1542 2406 meam
1580 2367 1862 2406 defendendam
1900 2368 1992 2406 boni
2030 2377 2158 2406 omnes

447 2434 680 2491 suscipiant:
712 2432 795 2470 haec
825 2431 969 2471 laboris
998 2433 1113 2472 huius
1143 2445 1294 2472 merces
1333 2438 1426 2472 esto.
1487 2434 1592 2473 Bene
1630 2434 1722 2473 vale.
1784 2435 1841 2473 Ex
1872 2432 2158 2486 propugnaculo

453 2500 659 2539 Huttenico
691 2499 954 2550 Steekelberg.
1014 2499 1108 2539 Idib.
1142 2500 1375 2539 Februariis.

455 2623 566 2655 CLII.
583 2623 614 2654 1.
662 2623 728 2654 AB
746 2634 792 2650 -z
807 2623 923 2654 Indie.
942 2622 1112 2665 bibliogr.
1132 2634 1166 2654 n.
1185 2625 1315 2656 XXVI.
1330 2624 1400 2656 1.·2.
1509 2623 1529 2656 3
1545 2636 1590 2652 Ξ
1606 2624 1833 2656 Burckliard.
1852 2626 1900 2657 ΙΙ.
1920 2636 1953 2668 p.
1969 2625 2018 2657 12.
2037 2594 2158 2657 notsd.

455 2680 476 2710 4
492 2692 537 2707 z
552 2680 595 2711 L.
615 2678 649 2711 S.
668 2679 809 2721 Eyring
824 2679 912 2710 Vita
929 2678 1012 2710 Seb.
1032 2679 1076 2711 de
1094 2680 1299 2712 Rotenhan.
1326 2681 1437 2712 Ienae.
1460 2679 1555 2712 1739.
1582 2680 1628 2711 4⁰.
1655 2691 1688 2722 p.
1702 2679 1753 2711 18.
1764 2691 1816 2722 sq.
1909 2681 1931 2712 5
1946 2692 1992 2709 z
2006 2681 2159 2723 Wagen-

851 2734 931 2766 seil.
957 2745 991 2776 p.
1002 2734 1081 2768 228.
1173 2735 1194 2766 6
1209 2748 1255 2763 z
1270 2737 1375 2767 Hutt.
1394 2736 1540 2767 Miinch.
1561 2736 1627 2767 III.
1647 2747 1681 2777 p.
1694 2735 1771 2767 340.

547 2822 560 2843 5
583 2834 679 2866 supr.
697 2835 792 2867 mag.
813 2823 897 2866 civ.]
924 2829 1034 2857 erster
1054 2825 1338 2867 Buryermezlster.
1425 2825 1438 2846 Β
1463 2827 1502 2858 in
1526 2837 1610 2858 oena
1629 2828 1660 2858 1.

548 2877 575 2898 ¹⁴
600 2880 712 2911 Inser.
739 2884 830 2912 omis.
860 2883 893 2913 3.
905 2883 950 2921 4.,
974 2885 1108 2923 partem
1132 2884 1223 2914 omis.
1252 2884 1284 2913 5.
1301 2883 1332 2913 6.
1442 2881 1470 2902 ¹⁹
1493 2892 1663 2924 umquam
1691 2883 1766 2914 3.5.
1780 2884 1812 2914 6.
1912 2881 1942 2902 ²⁰
1965 2879 2161 2914 solicitudi-

459 2935 515 2965 nis
541 2936 573 2965 4.
643 2933 672 2954 ²¹
697 2946 803 2976 quum
831 2937 929 2968 3...⁶.
1000 2936 1029 2957 ²⁷
1053 2938 1258 2970 Exsulabat
1284 2940 1316 2970 3.
1329 2939 1361 2969 4.
1374 2938 1405 2969 6.
1476 2936 1504 2958 2‘3
1530 2938 1774 2971 Garamentas
1799 2939 1842 2970 B.
1913 2937 1942 2959 3⁰
1966 2946 2113 2969 eausam
2129 2936 2159 2968 6.

460 2987 488 3008 ³²
513 2989 794 3033 Steekelbergk.
823 2994 856 3024 3.
869 2995 902 3024 5.
915 2995 946 3024 6.
1040 2994 1220 3026 M.D.XX.
1246 2996 1362 3026 addid.
1383 2995 1414 3025 5.
1428 2996 1458 3025 6.

2196 3225 2203 3240 r
