2232 3568
235 672 292 704 §.L

310 211 406 258 460
477 220 720 252 ADDENDA.
748 217 937 251 Cxxulss.
959 229 1158 251 GERBELLII
1175 229 1223 251 AD
1242 229 1481 251 nnvcunmvu
1500 230 1555 250 ει).
1575 230 1608 251 D.
1628 230 1663 251 M.
1683 231 1761 252 MAI.
1783 226 1858 252 1519.

310 337 453 371 saniunt
483 336 518 369 in
550 344 702 374 sunnna;
733 333 869 368 nulhun
901 333 1052 380 lapidem
1085 344 1156 368 non
1188 339 1348 372 movent,
1381 345 1423 369 ne
1456 332 1582 368 saltem
1613 346 1653 368 ex
1685 346 1772 379 agi-o
1797 334 2016 370 conductitio

310 391 404 427 velut
435 390 550 437 ignavi
573 396 607 424 ct
639 390 771 425 inertes
801 389 921 425 coloni
935 389 1156 436 *eiiciantuiu
1189 389 1317 425 crebro
1341 389 1483 424 interim
1506 389 1591 424 illud
1615 390 1787 436 tragicum
1812 390 2015 426 occinentes

660 438 772 491 μόνοι
800 437 873 493 γὰρ
906 438 949 480 εὖ
977 443 1223 493 φρονοῦμεν,
1255 442 1296 479 οἵ
1322 435 1354 479 (δ’
1382 437 1491 480 ἄλλοι
1519 443 1661 488 κακῶς.

307 503 407 539 cuius
439 502 490 537 rei
521 502 622 536 tidem
655 507 693 536 ut
723 501 854 536 saciant
887 501 928 536 iis
960 513 1113 548 quorum
1145 507 1229 536 suut
1259 502 1487 541 mercenarii,
1529 501 1625 537 nulla
1664 513 1735 536 non
1773 501 1861 536 hora
1891 513 2016 548 supcr-

311 559 453 593 hissime
486 557 659 592 inculcant
695 568 786 604 quos
819 557 991 596 tribulos,
1025 557 1119 604 quod
1151 556 1292 597 lolium,
1321 569 1408 604 quas
1440 558 1602 604 zvzanias
1634 569 1675 593 ex
1700 557 1851 592 aliorum
1874 556 2044 592 eiiciant:‚

309 614 424 658 agris:
470 613 567 659 «ligni
614 624 698 648 sane
736 613 985 660 crmduplicata
1023 613 1203 652 mercede,
1252 613 1364 660 qnod,
1412 625 1490 649 cum
1529 613 1617 648 nihil
1657 619 1764 659 agant
1803 612 2015 659 faciantque,

309 670 424 705 omnia
457 681 494 703 se
526 670 642 704 facere
674 669 788 703 instar
818 669 982 716 Aesopici
1013 669 1171 704 cantoris
1203 668 1351 715 gloriari
1383 669 1620 709 studuerunt;
1658 669 1821 704 homines
1850 668 2016 704 nimirum

308 726 524 764 suavissimi,
558 725 618 772 qui
652 725 684 759 in
717 724 841 760 alienis
873 725 968 771 agris
1000 724 1183 760 leviculam
1214 725 1321 760 etiam
1350 725 1478 761 {ilicem
1498 725 1743 772 conspiciunt,
1776 725 1811 759 in
1833 724 1907 759 suis
1929 723 2016 758 nihil

308 782 542 819 immundum,
574 781 661 816 nihil
693 781 891 819 sordidum,
925 780 1012 816 nihil
1045 781 1139 828 qnod
1169 792 1315 828 carpere
1351 793 1478 828 queas,
1512 781 1660 816 inveniri
1683 792 1790 828 posse
1810 780 2016 820 credentes;

308 839 366 885 qui
399 849 461 872 sua
492 838 587 872 inter
617 848 654 871 se
685 837 766 872 vitia
799 837 905 872 veluti
927 836 1076 884 Pylades
1108 842 1143 872 et
1165 837 1335 872 llorestes
1365 837 1656 873 coniunctissime
1683 841 1810 882 tegunt
1832 835 2062 871 occulunt-10

308 906 396 940 clue:
429 893 523 940 quod
555 893 583 928 si
616 893 695 940 quis
727 893 816 928 alius
848 899 946 928 extra
978 893 1138 940 ipsorum
1170 899 1270 940 septa
1302 893 1443 940 positus
1476 893 1594 929 ulcera
1625 903 1863 939 vemarcasque
1892 902 2017 927 eorum

307 950 358 985 vel
391 962 526 984 summa
557 949 630 984 acie
663 949 840 995 tetigerit,
887 949 976 996 proh
1009 949 1113 984 deum
1152 948 1272 988 lidem,
1321 961 1426 996 quam
1465 960 1504 983 os
1544 948 1631 984 illud
1670 947 2017 996 iinpudcntissiinum

308 1006 340 1040 in
373 1017 492 1041 arcmn
523 1005 768 1051 distorquent,
802 1017 906 1052 quain
938 1005 1038 1051 rugis
1070 1005 1293 1052 suspendunt
1324 1016 1468 1043 nasum,
1502 1006 1537 1040 in
1568 1004 1685 1039 omnia
1715 1003 1868 1040 convitia
1890 1002 2015 1050 parati,

307 1062 459 1097 occisuri
491 1062 596 1096 etiam
628 1061 674 1096 oli
707 1073 812 1096 unmn
845 1067 903 1095 aut
935 1061 1088 1096 alterum
1119 1061 1283 1100 vei-lium,
1325 1061 1353 1095 si
1387 1061 1466 1108 quis
1499 1061 1656 1096 timidior
1686 1072 1811 1096 eorum
1843 1059 2017 1105 ohsequa-

308 1124 366 1152 tur
398 1117 595 1163 tyrannidi:
636 1117 721 1151 nihil
753 1117 999 1152 condonantes
1030 1117 1211 1152 conservis
1252 1117 1347 1157 suis,
1387 1128 1465 1152 cuni
1504 1117 1599 1152 onmi
1641 1115 1882 1151 munificentia
1920 1114 2063 1149 licui-15,

267 1173 467 1218 5‘·5:iiissiiiii
500 1172 766 1219 patrisfamilias
797 1172 864 1219 ipsi
897 1173 967 1206 sint
999 1172 1219 1219 locupletati.
1271 1173 1478 1207 llninsmodi
1511 1179 1549 1208 tu
1580 1172 1764 1219 plajelinm,
1811 1170 2016 1207 doctissime

306 1229 351 1264 mi
384 1228 562 1275 tlapfflon,
604 1228 705 1262 aunis
745 1228 810 1262 iam
849 1229 1108 1274 propemodum
1140 1227 1303 1274 pluribus
1336 1240 1464 1274 magno
1497 1227 1697 1263 simillimus
1729 1226 1871 1262 llerculi
1908 1226 2016 1261 susti-

308 1285 434 1323 uuisti;
466 1284 668 1319 huiusmodi
702 1284 818 1318 serent
851 1283 1024 1318 tumultus
1057 1289 1234 1330 quotquot
1269 1284 1392 1330 pietati
1424 1290 1457 1318 ct
1490 1295 1580 1319 verze
1607 1284 1791 1330 sapientia·
1812 1281 2016 1319 consultum

307 1340 425 1375 vcliut.
487 1351 689 1387 quanquam
722 1339 770 1373 illi
803 1339 890 1374 nihil
924 1339 1039 1386 pium,
1086 1339 1172 1373 nihil
1206 1339 1368 1386 sapidum
1409 1340 1603 1386 (minentur
1643 1340 1735 1386 quod
1775 1338 1817 1373 ah
1856 1339 2016 1386 ipsorum

304 1397 483 1443 discrepet
512 1396 673 1431 doctrina
706 1395 759 1429 vel
792 1395 1178 1431 iustitinosiustituto
1210 1401 1327 1430 autem
1360 1395 1583 1436 huiusiuodi,
1618 1401 1653 1430 ut
1687 1395 1815 1430 infensi
1849 1393 2013 1430 omnihus
2029 1399 2082 1429 ’ω’

305 1464 427 1487 omues
457 1451 737 1488 calumnientur:
777 1456 1004 1498 expectantes
1035 1463 1053 1485 a
1084 1452 1262 1486 communi
1305 1452 1459 1486 omnium
1501 1451 1756 1498 patrefamilias
1795 1461 2017 1486 communem

306 1508 523 1547 mercedem,
556 1507 853 1546 niisericordiam‚
889 1507 955 1554 ipsi
987 1508 1022 1542 in
1053 1507 1160 1542 alium
1192 1507 1369 1542 nemiuem
1402 1508 1517 1542 minus
1540 1507 1788 1542 misericordes
1811 1518 1914 1553 quam
1937 1517 2016 1540 eum

305 1565 363 1611 qui
396 1565 435 1598 ad
468 1564 643 1599 culturam
675 1563 751 1609 agri
782 1563 948 1598 dominici
981 1569 1105 1599 noctes
1137 1564 1239 1599 ducat
1273 1564 1474 1603 insoumes;
1507 1576 1605 1598 acres
1628 1569 1661 1598 ct
1684 1563 1814 1610 lyncei,
1848 1562 1906 1597 uhi
1930 1561 2016 1596 nihil

306 1620 356 1656 vcl
390 1620 572 1655 minimum
604 1625 655 1654 est
690 1619 856 1666 periculi.
890 1620 996 1654 immo
1029 1619 1160 1666 saqiius
1193 1620 1319 1664 iugens
1343 1619 1497 1659 utilitas,
1529 1626 1562 1654 at
1588 1619 1645 1654 uhi
1668 1618 1908 1654 sublatissima
1932 1629 2016 1652 voce

268 1678 287 1704 ⁷⁵·
303 1676 523 1711 clamandum
555 1682 666 1713 esset,
700 1676 812 1722 magis
844 1681 962 1710 mutos
994 1675 1152 1722 reperias
1184 1688 1288 1722 quam
1319 1676 1455 1723 pisces,
1489 1687 1593 1722 quam
1625 1674 1824 1710 scarabeos.
1885 1674 1934 1709 lta
1963 1673 2060 1711 ιιι-’35

305 1745 407 1767 verso
440 1733 564 1767 ordine
596 1744 662 1778 pro
694 1731 794 1766 malis
826 1732 1038 1779 affliguntur
1069 1731 1171 1770 honi,
1214 1743 1278 1778 pro
1321 1731 1423 1767 lionis
1463 1738 1684 1767 coronantur
1716 1730 1873 1766 omnium
1904 1728 2016 1765 scele-

303 1788 470 1827 stissimi,
519 1788 825 1835 ‹piamloquidem‚
877 1794 915 1822 ut
945 1788 1063 1822 Livius
1095 1788 1160 1825 ait,
1209 1787 1298 1822 solet
1332 1799 1414 1834 pars
1445 1788 1605 1823 deterior
1641 1788 1781 1822 vincere
1819 1786 2014 1822 meliorem.

302 1845 380 1883 Sed,
412 1845 457 1879 mi
488 1844 736 1879 candidissime
757 1844 934 1890 (Iapnion,
969 1843 1133 1890 querelas
1165 1849 1307 1878 nostras
1341 1844 1373 1878 in
1406 1843 1498 1878 aliud
1531 1849 1671 1890 tempus
1703 1843 1925 1889 dill'creniqs:
1967 1847 2015 1879 tu,

303 1900 527 1945 magnanimo
560 1900 751 1946 persimilis
784 1899 943 1939 llerculi,
985 1899 1137 1946 Hydram
1178 1899 1271 1934 illam
1311 1912 1376 1946 pro
1416 1899 1520 1934 animi
1564 1900 1612 1934 tui
1652 1898 1894 1945 magnitudine
1932 1908 2017 1933 cou-

305 1957 430 1995 tuude‚
461 1956 648 1991 habiturus
672 1956 765 1990 iuter
787 1957 1012 1995 innumeros,
1047 1956 1224 1995 Theseus,
1249 1956 1534 1991 studiosissimos
1559 1956 1608 1990 tui
1630 1955 1856 1994 defensores,
1889 1953 2062 1991 llutte-:to

304 2024 386 2047 mun
409 2012 508 2047 illum
531 2012 643 2047 virum
665 2017 848 2047 stremuuu
873 2018 906 2046 et
941 2013 974 2046 in
1008 2011 1182 2047 obeundis
1215 2012 1415 2047 huiusmodi
1449 2011 1617 2059 periculis
1650 2012 1767 2046 auimo
1801 2011 2013 2046 inconcusso
2055 2005 2057 2007 ¹

309 2068 578 2114 indefessoque,
620 2074 692 2102 tum
731 2069 884 2114 denique
917 2068 959 2102 al»
992 2068 1078 2115 ipsis
1113 2068 1242 2102 Gratiis
1274 2068 1465 2102 formatum
1499 2068 1677 2102 homiuem
1710 2066 1914 2113 Philippum
1945 2065 2015 2100 Me-

302 2124 573 2163 lanclitlionein,
620 2136 710 2170 quos
750 2124 893 2159 nomine
931 2136 1010 2159 meo
1047 2123 1156 2159 multa
1197 2123 1310 2158 salute
1350 2124 1534 2171 impertias
1575 2123 1804 2158 vehementer
1841 2121 2015 2169 discupio.

302 2180 382 2215 Vive
414 2179 521 2215 soelix.
554 2181 656 2214 Anno
688 2180 871 2215 )1.1).x[x.
903 2179 1022 2215 Mense
1052 2180 1153 2214 Maio.

389 2310 402 2330 ²
434 2309 652 2351 tragicums?
684 2312 810 2342 nescio
844 2313 946 2342 cuins
978 2315 1103 2353 poetar.
1155 2310 1211 2341 Cf.
1240 2311 1383 2341 liras-mi
1410 2311 1550 2351 Adagia
1581 2311 1687 2341 ‘Solus
1718 2311 1819 2351 sapit·
1855 2313 1891 2341 et
1919 2311 2017 2341 'Ilwc

296 2370 432 2409 Jmlim·'.
462 2367 515 2398 cd.
535 2367 706 2398 Francos.
737 2365 832 2397 1670.
862 2367 923 2398 fol.
950 2379 982 2409 p.
1004 2367 1078 2397 187.
1150 2366 1163 2385 ³
1190 2367 1257 2398 soli
1283 2377 1348 2397 nos
1375 2367 1468 2398 enini
1494 2367 1588 2397 bene
1614 2367 1793 2408 sapimus,
1821 2366 1936 2397 ceteri
1955 2376 2016 2397 au·

302 2428 373 2455 tem
398 2423 505 2455 male.
584 2423 597 2442 ⁷
621 2421 835 2465 Aesopieus]
862 2417 1082 2464 κιθαρῳδὸς
1100 2414 1265 2464 ἄμουσος
1285 2417 1326 2454 ἐν
1350 2418 1607 2464 κεκονιαμένῳ
1625 2421 1717 2462 οῖ’κῳ
1735 2421 1896 2463 συνεχῶς
1913 2414 2018 2463 ᾅδων

300 2473 536 2521 α’ντηχούσης
562 2472 663 2520 αὐτῷ
686 2478 751 2520 τῆς
777 2477 923 2520 φωνῆς,
950 2471 1040 2510 ὥστε
1067 2471 1184 2510 αὐτόν
1202 2478 1350 2520 νομίσαι
1373 2471 1547 2520 εὔφωνον
1566 2473 1665 2509 εἶναι
1685 2473 1853 2519 σφόδρα,
1879 2475 1943 2509 καὶ
1969 2476 2016 2519 δη

302 2529 485 2575 ἐπαρθεὶς
512 2529 571 2566 ἐπὶ
596 2530 714 2577 τούτῳ
741 2531 835 2576 ἔγνω
854 2534 937 2566 δεῖν
954 2532 1018 2566 καὶ
1038 2531 1092 2572 εἰς
1110 2531 1277 2575 θέατρον
1296 2532 1504 2567 εἰσελθεῖν·
1532 2527 1765 2576 ἀφικόμενος
1792 2529 1832 2565 δὲ
1852 2527 1911 2565 ἐπὶ
1931 2542 2016 2574 σκη-

302 2587 371 2633 νὴν
389 2588 452 2622 καὶ
471 2585 572 2622 πάνυ
591 2590 712 2628 κακῶς
729 2584 834 2630 ᾄδων
853 2589 979 2627 λίθοις
997 2585 1225 2632 βαλλόμενος
1245 2584 1428 2633 ἐξηλάθη.
1486 2590 1513 2610 ¹⁰
1530 2590 1678 2631 Pyladis
1697 2590 1910 2631 Orestisque
1929 2589 2016 2620 anii-

302 2648 426 2678 eitiam
445 2651 575 2678 norunt
602 2648 711 2678 etiam
731 2648 792 2688 qui
809 2647 1021 2688 Euripidem
1047 2657 1117 2677 noli
1143 2646 1322 2686 legerunt.
1396 2646 1422 2666 ¹⁰
1447 2647 1599 2688 prelium
1620 2648 1650 2676 I.
1724 2645 1748 2665 ¹⁷
1774 2645 1965 2676 similinins
1986 2646 2016 2675 l.

299 2701 324 2721 ²¹
346 2704 488 2734 comuni
499 2704 529 2733 1.
601 2701 628 2721 ²⁷
642 2702 736 2744 Liv.]
757 2703 895 2733 XXIA.
916 2703 1129 2734 concinnius
1147 2703 1199 2734 sic
1219 2706 1283 2741 „ut
1302 2702 1511 2744 plerumque
1528 2703 1584 2742 fit,
1605 2703 1720 2734 maior
1733 2712 1816 2743 pars
1832 2700 2016 2733 meliorem

301 2759 426 2790 vicit.”
469 2759 674 2790 Gerbellius
694 2759 914 2790 commodius
941 2758 1151 2800 ablegasset
1169 2758 1343 2790 lectorem
1363 2758 1409 2790 ad
1425 2759 1573 2790 Homer.
1591 2758 1633 2790 Il.
1654 2759 1681 2789 Ι.
1701 2757 1777 2789 576.
1798 2751 1878 2788 ἐπεὶ
1896 2751 1941 2788 τά
1961 2766 2016 2798 χε-

303 2812 432 2853 ρείονα
458 2813 554 2853 νικᾷ.
