2232 3568
409 213 502 260 300
627 220 824 253 CXXXIII.
853 229 924 251 xic.
945 228 1114 251 ASCLEPII
1135 227 1292 251 nimum-1
1313 228 1418 251 ORAT.
1438 229 1484 251 DE
1504 229 1596 252 Dvcn:
1616 228 1874 253 wmri-:xmssnffi

405 337 563 375 tionibus
595 336 689 383 quod
721 344 902 381 nunquam
940 338 1169 381 persuaserat
1204 332 1363 380 agendo,
1402 332 1471 370 hoc
1509 345 1590 369 mox
1630 334 1840 382 persuadet,
1878 345 1957 370 cum
1997 333 2109 373 caleo-

405 394 622 441 graphorum
661 390 846 437 diligentia
885 390 1176 425 distraherentur
1213 389 1361 425 edendo.
1422 389 1510 424 nibil
1547 401 1702 437 unquam
1740 390 1864 433 maiori
1904 389 2030 438 plausu
2074 392 2108 429 in

404 450 586 485 bominum
618 459 741 482 manus
772 451 935 486 venerat,
975 458 1054 482 cum
1085 446 1127 481 ad
1159 445 1338 492 exemplar
1367 445 1646 493 Philipl‘ucarum
1678 447 1798 493 quasi,
1838 446 1866 480 si
1898 446 1952 481 dis
1983 446 2107 494 placet,

404 505 545 551 scriptie
577 503 830 538 imlicarmitur.
891 502 1010 549 itaque
1042 501 1207 548 legebant
1238 513 1365 547 magna
1395 513 1474 537 cum
1505 502 1638 548 gratia,
1671 502 1746 537 sola
1777 502 1933 537 novitate
1957 501 2108 540 savorem

402 560 625 596 conciliante.
685 558 759 594 Iloc
790 558 895 593 ctiam
927 557 1076 593 subinde
1108 557 1331 592 orationibus
1362 568 1474 592 novos
1505 557 1670 603 dialogos
1700 558 1888 594 adiiciente
1909 562 1944 593 et
1967 558 2133 605 quidem5

404 615 640 654 tersissimos,
673 614 830 649 famosos
860 613 1003 649 libellos
1035 613 1180 654 edente,
1221 613 1368 649 crimina
1398 613 1644 659 contingente,
1685 625 1826 649 causam
1859 613 1965 649 occisi
1996 613 2110 650 affinis

402 672 475 710 sni,
524 682 628 718 quam
661 670 798 706 unicam
830 669 1038 705 criminandi
1070 681 1189 704 ansam
1221 668 1363 708 babuit,
1410 674 1626 709 exornante,
1674 669 1825 705 habetur
1862 669 1904 704 ab
1946 669 2109 706 universo

404 733 578 763 terrarum
612 726 698 761 orbe
728 726 949 761 miserrimus
981 725 1147 772 princeps
1180 725 1225 764 is,
1267 736 1369 771 quem
1409 725 1571 772 depingit
1602 725 1776 772 fingitque
1808 724 1914 760 fallax
1951 725 2110 771 ingenio-

402 783 531 818 sissimi
564 788 680 830 poetic
711 782 904 829 ingenium.
964 781 1111 828 Ignorat
1141 781 1307 828 princeps
1339 780 1417 816 exul
1450 781 1554 816 etiam
1595 781 1711 828 poetis
1750 793 1787 817 se
1828 780 1980 816 fabulam
2019 791 2108 821 esse,

402 839 545 885 ignorat
575 851 613 873 se
644 839 770 873 saetam
803 837 987 873 materiam
1018 837 1253 884 pessimarum
1283 836 1598 877 declamationum,
1642 837 1782 872 nemine
1819 848 1897 884 quic
1929 836 1961 871 in
1995 836 2109 884 ipsum
2123 842 2152 870 tt)

401 894 527 930 fierent
559 895 695 929 referre
727 894 888 929 audente.
941 894 1020 940 quis
1053 893 1145 928 enim
1167 898 1381 940 przesentem
1403 904 1522 928 rerum
1543 892 1778 928 calamitatem
1801 893 1902 928 novis
1923 891 2111 928 calumnia-

402 962 478 986 rum
501 950 762 986 calamitatibus
785 950 958 997 augeret?
990 949 1066 993 Quo
1089 949 1205 984 miuus
1229 949 1292 984 scit
1317 961 1396 996 quse
1419 954 1583 995 agantur,
1607 960 1650 984 co
1673 949 1789 984 minus
1812 960 1902 996 opus
1924 947 2030 983 babet
2050 947 2108 984 (le-

401 1007 582 1047 fensionc,
606 1018 648 1042 eo
670 1006 829 1041 deterior
850 1006 926 1041 eius
948 1005 986 1040 fit
1007 1016 1113 1041 causa
1134 1005 1225 1052 apud
1248 1016 1326 1040 eum
1350 1005 1566 1052 principem,
1599 1017 1617 1040 a
1639 1016 1710 1052 quo
1733 1004 1820 1040 nibil
1842 1009 2029 1051 expectare
2050 1015 2111 1051 po·
2141 1027 2147 1039 .

403 1068 505 1103 terat,
529 1075 634 1109 quam
657 1063 733 1097 iure
756 1062 1022 1097 restitutionem
1045 1072 1168 1096 mirum
1191 1073 1269 1107 quie
1291 1061 1321 1096 vi
1345 1067 1445 1096 erant
1469 1062 1643 1108 adempta.
1667 1061 1727 1096 sed
1751 1061 1828 1096 vicit
1852 1059 2005 1107 diligens
2027 1059 2111 1095 invi-

399 1119 526 1154 dorum
559 1118 773 1153 obtrectatio
795 1118 886 1164 apud
910 1117 1162 1164 imperatorem
1185 1122 1216 1152 et
1243 1117 1421 1163 poeticum
1445 1117 1625 1163 ingenium
1647 1117 1739 1164 apud
1762 1117 1947 1151 universos
1969 1115 2108 1151 Germa·
2124 1120 2154 1148 15·

402 1174 468 1208 niae
500 1185 669 1221 proceres
691 1178 725 1209 et
749 1185 871 1207 omnes
894 1185 984 1220 pene
1007 1173 1181 1207 nationes.
1233 1172 1431 1207 Prolitebar
1453 1183 1494 1207 eo
1519 1178 1680 1220 tempore
1703 1173 1736 1207 in
1758 1171 1986 1219 I‘arysiorum
2006 1171 2110 1207 Lute-

400 1230 472 1269 cia,
497 1241 601 1276 quam
623 1229 747 1264 urbem
770 1228 920 1275 Europa!
943 1228 1055 1263 totius
1079 1228 1256 1262 theatrum
1279 1239 1350 1262 non
1372 1227 1500 1263 iniuria
1523 1228 1602 1275 quis
1625 1228 1771 1268 dixerit,
1795 1228 1836 1263 ad
1859 1227 1953 1274 quod
1975 1231 2112 1274 specta-

403 1291 474 1320 tum
496 1285 652 1332 undique
682 1290 819 1320 cunctzc
850 1295 941 1331 ponc
972 1283 1135 1319 nationes
1167 1284 1323 1318 veniunt.
1378 1295 1450 1318 non
1479 1284 1576 1323 (lico,
1610 1284 1690 1331 quia
1713 1284 1798 1319 satis
1821 1283 1938 1319 dicere
1960 1294 2109 1330 nequeo,

401 1346 572 1388 quantum
595 1341 787 1376 autoritate
810 1340 962 1379 valeret,
996 1345 1167 1386 quantum
1200 1339 1265 1374 [ide
1288 1339 1441 1386 polleret
1463 1340 1555 1386 apud
1578 1352 1701 1376 ‹mmes
1725 1340 1752 1374 is
1785 1339 1844 1387 qui
1877 1338 2009 1386 ingenii
2031 1338 2110 1374 dcx-

401 1398 544 1433 teritate
575 1402 609 1431 et
641 1396 857 1443 eloquentize.
889 1395 1022 1431 viribus
1049 1401 1084 1430 et
1106 1395 1368 1430 melnlaciorum
1393 1395 1474 1431 fuco
1495 1407 1635 1431 causam
1657 1395 1798 1431 dubiam
1822 1388 2108 1442 probabiliorem.
2131 1399 2163 1426 2⁰
2208 1392 2209 1397 ¹

400 1453 568 1488 humilem
601 1452 864 1491 sublimimcm.
898 1452 1025 1487 bonam
1058 1457 1093 1487 et
1124 1452 1311 1486 honestam
1343 1452 1557 1487 deteriorem
1581 1452 1697 1487 facere
1720 1451 1849 1499 potuit.
1901 1450 2112 1497 legebantur

400 1509 474 1543 haec
506 1519 636 1555 magno
667 1521 745 1544 cum
779 1507 906 1555 plausu
937 1508 1030 1555 aptul
1063 1507 1182 1542 Gallos
1226 1513 1259 1542 et
1292 1507 1502 1554 llyspanos,
1540 1507 1832 1543 distrahebantur
1870 1506 1962 1554 apud
2001 1506 2112 1542 ‹liver-

402 1565 560 1600 sissimas
593 1565 776 1604 nationes,
810 1563 1046 1599 mittebantur
1076 1563 1263 1598 commissa
1296 1563 1411 1599 literis
1433 1563 1476 1598 ad
1498 1563 1647 1602 amicos,
1681 1564 1781 1610 qnasi
1805 1562 2019 1610 typographi
2041 1573 2111 1597 non

401 1622 487 1656 satis
519 1621 734 1656 excuderent
773 1620 1010 1667 pessimorum
1050 1619 1305 1666 exemplorum.
1366 1619 1581 1655 verebantur
1617 1619 1695 1654 Itali
1735 1618 1885 1655 alterum
1924 1618 2110 1658 Neronem,

399 1677 657 1713 execrabantur
687 1675 794 1712 Siculi
827 1688 955 1711 novum
984 1675 1208 1723 Dionysium,
1251 1675 1476 1722 trepidabant
1513 1675 1693 1715 Britanni,
1734 1687 1777 1711 ne
1818 1687 1858 1711 ex
1897 1679 2001 1709 antro
2040 1673 2152 1709 ist02⁵

399 1733 543 1768 I‘atricii
575 1733 680 1768 etiam
713 1732 779 1767 sibi
813 1732 1060 1779 Tyrannorum
1093 1731 1269 1778 quispiam
1308 1736 1527 1767 nasceretur.
1588 1731 1755 1778 quicquid
1795 1731 1932 1769 odium,
1975 1729 2110 1770 invidia,

400 1789 649 1825 malevolentia
681 1794 716 1823 et
747 1788 864 1823 affinis
895 1788 978 1823 etesi
1009 1787 1115 1822 dolor
1144 1787 1364 1823 comminisci
1396 1793 1567 1834 potuere.
1607 1787 1832 1826 I'balaridas‚
1865 1784 2110 1833 Agathocleas,

401 1846 545 1885 Atreus,
579 1845 771 1891 Thyestes,
803 1844 1041 1891 Pysistratos,
1076 1843 1270 1890 Typbatos,
1310 1844 1505 1890 Astyages,
1545 1843 1753 1891 Cambysas,
1794 1842 1985 1889 Tyberios,
2025 1840 2134 1882 Cali-v

400 1901 503 1947 gulas
526 1907 560 1947 et
583 1901 820 1939 Domitianos,
845 1900 1002 1935 omnium
1025 1899 1361 1934 immanissimorum
1384 1899 1554 1934 immanes
1576 1899 1718 1934 furores
1741 1905 1775 1934 et
1799 1898 1926 1938 furias,
1958 1897 2111 1932 omnium

400 1956 632 1991 crudelitates
664 1962 697 1991 et
732 1956 882 1991 ferocias
915 1956 947 1990 in
980 1967 1088 1990 unum
1120 1956 1321 2001 congessit,
1361 1954 1563 2002 compegit,
1602 1955 1818 1991 coacervavit
1853 1966 1956 2001 :equo
1987 1953 2154 1989 crude-3⁰

403 2012 471 2047 lior
504 2012 647 2047 futurus
679 2011 777 2046 ultor
809 2012 1022 2059 propinquae
1061 2011 1158 2047 necis
1197 2017 1325 2058 poeta,
1367 2011 1467 2046 cuius
1506 2011 1678 2046 laudariin
1717 2011 1880 2057 equidem
1921 2009 2110 2056 ingenium,

402 2067 583 2114 probarim
616 2067 876 2106 inventionem,
916 2067 1098 2114 amplexus
1137 2067 1202 2102 sim
1241 2067 1497 2107 eruditionem,
1538 2067 1567 2102 si
1605 2079 1675 2102 non
1714 2066 1831 2101 dolori
1871 2065 2015 2101 nimium
2055 2065 2112 2100 de-

398 2124 529 2163 disset,
563 2123 590 2158 si
623 2123 837 2158 innocentize
870 2123 1086 2169 pepercisset
1123 2122 1311 2170 principis,
1354 2123 1381 2157 si
1413 2135 1554 2158 causam
1585 2134 1657 2157 non
1688 2122 1786 2157 valde
1822 2122 1951 2157 bonam
1992 2126 2112 2168 tegere

400 2191 505 2226 quam
537 2179 736 2226 producere
768 2178 802 2213 in
834 2178 948 2213 lucem
979 2178 1184 2218 maluisset,
1225 2183 1259 2213 et
1300 2179 1475 2214 rationem
1515 2178 1646 2214 habere
1685 2179 1760 2214 eius
1794 2177 1928 2213 iuvenis
1958 2176 2112 2225 pulchri-

400 2235 550 2274 tudinis,
584 2247 688 2282 quam
720 2246 791 2269 non
823 2235 899 2270 sine
928 2246 1033 2269 causa
1065 2239 1253 2281 tantopere
1281 2235 1516 2270 commendat.
1565 2235 1642 2269 Non
1665 2246 1812 2281 possum
1834 2233 2015 2280 equidem,
2046 2231 2152 2267 virias

403 2291 642 2329 ornatissimi,
665 2291 851 2326 continere
875 2302 928 2325 me
950 2290 1018 2326 hoc
1039 2290 1137 2330 loco,
1171 2302 1278 2337 quum
1303 2291 1456 2325 fortunae
1478 2290 1582 2325 istius
1606 2291 1850 2337 iniquissimos
1871 2301 1974 2325 casus
1995 2293 2110 2325 mente

400 2353 538 2394 repeto,
572 2347 657 2393 quin
691 2346 787 2382 valde
818 2346 962 2382 afficiar.
1013 2346 1115 2381 video
1144 2346 1323 2381 bominem
1345 2347 1490 2393 egregie
1522 2346 1698 2381 eruditum
1723 2357 1793 2381 non
1817 2345 1903 2381 satis
1925 2345 2014 2381 bene
2035 2343 2111 2392 pul-

399 2403 574 2438 cherrima
606 2403 724 2438 studia
754 2401 950 2441 collocare,
982 2402 1062 2437 dum
1096 2402 1131 2436 in
1163 2402 1257 2436 omni
1291 2402 1506 2449 optimarum
1537 2401 1803 2449 discipliimrum
1835 2413 1968 2449 genere
1998 2412 2111 2437 versa-

401 2465 457 2493 tus
488 2459 535 2494 ita
570 2471 728 2505 przeeeps
760 2458 898 2505 rapitur
929 2463 963 2494 et
995 2457 1092 2492 nulla
1122 2457 1270 2493 all'cctus
1303 2470 1387 2493 suos
1420 2457 1558 2493 ratione
1589 2469 1836 2505 compescere,
1869 2457 1969 2492 nullo
2000 2456 2109 2492 sraeno

400 2516 499 2549 ferox
521 2514 702 2561 ingenium
726 2514 921 2553 moderari,
954 2513 1052 2549 nulla
1073 2519 1150 2548 arte
1172 2518 1325 2549 mentem
1357 2514 1502 2549 domare
1517 2519 1583 2548 aut
1607 2519 1806 2560 temperare
1830 2503 1960 2560 potest.
2006 2524 2026 2548 o
2047 2511 2109 2547 mi-
2120 2520 2151 2547 4⁰

399 2583 500 2606 seros
532 2570 673 2606 labores
705 2583 784 2610 eos,
817 2582 857 2605 ex
881 2569 1113 2617 quibusdum
1136 2570 1290 2605 fructum
1322 2570 1507 2617 percipere
1538 2569 1747 2605 deberemus
1768 2569 1943 2604 rationem
1967 2567 2110 2608 vivendi,

401 2626 486 2661 nibil
518 2626 553 2661 in
584 2637 702 2661 mores
739 2626 927 2666 coalescit;
967 2631 1003 2661 et
1035 2626 1130 2672 quod
1160 2625 1318 2660 deterius
1351 2631 1420 2665 est,
1458 2637 1537 2661 cum
1568 2625 1781 2661 ferociorem
1813 2627 2111 2671 naturamauget.

400 2682 525 2721 lectio,
559 2682 653 2729 quod
687 2682 765 2717 inde
797 2682 852 2722 sit,
885 2682 967 2727 dum
1000 2682 1095 2729 quod
1116 2687 1253 2716 naturai
1276 2687 1410 2717 nostrie
1430 2681 1616 2721 convenit,
1648 2681 1906 2728 app1·ob.·1mus;
1939 2680 2033 2728 quod
2053 2679 2110 2715 ad-

400 2750 563 2778 monere,
595 2738 725 2773 docere
747 2743 782 2774 et
812 2738 995 2785 corrigere
1027 2738 1135 2784 inque
1166 2737 1255 2772 viam
1286 2737 1457 2773 reducere
1487 2737 1639 2773 debebat
1668 2737 1884 2785 despicinms
1917 2762 2108 2771 .......

1994 2847 2009 2859 0

490 2890 502 2909 3
527 2889 694 2932 mendax]
722 2891 837 2922 fallax
858 2892 890 2922 2.
961 2889 974 2909 ⁹
1001 2888 1094 2932 exul]
1120 2891 1322 2921 mendacium
1345 2892 1425 2921 dicit
1448 2895 1586 2922 orator:
1610 2895 1675 2922 lum
1699 2892 1859 2932 princeps
1875 2891 2015 2923 nondum
2032 2890 2111 2921 exul

396 2946 509 2984 fra-eus
526 2951 611 2977 erut.
701 2945 727 2965 ¹⁰
745 2948 900 2978 materia
919 2947 961 2977 A.
1034 2945 1061 2965 ²⁵
1088 2945 1364 2977 execrabantur.
1392 2946 1506 2977 Siculi
1523 2947 1567 2978 .4.
1640 2949 1744 2978 antro
1771 2944 1853 2987 isto]
1880 2945 1936 2977 Of.
1956 2943 2107 2977 Huttcni

403 3001 616 3033 Phalartsm.
635 3003 666 3041 ξ.
689 3001 716 3032 l.
787 2999 815 3019 ²*
841 3001 985 3032 'ries-tes·
1004 3002 1047 3032 A.
1074 3001 1230 3041 Tyestes
1248 3003 1280 3033 2.
