2232 3568
1519 103 1534 112 a

361 212 457 258 422
487 220 680 253 CXCVIII.
701 231 852 252 munos.
868 230 916 252 An
936 229 1148 252 Νῖκαι-ΕΡ.
1178 219 1336 252 CXCIX.
1352 230 1518 252 HvTT.An
1534 230 1781 254 animumne.
1797 232 1830 253 D.
1843 227 1887 253 26.
1902 232 1980 254 υοτ.
1998 228 2073 257 1:220,

362 350 429 386 qua
454 337 644 372 traducunt
674 334 882 381 episcopum
913 333 1120 380 spirensem
1144 340 1180 369 et
1205 334 1378 381 quosdam
1409 334 1498 370 alios
1528 341 1723 382 magnates.
1774 336 1809 371 ld
1835 336 1874 373 fit
1899 344 2078 385 praesente

361 393 549 440 episcopo:
595 402 674 425 naui
714 390 782 424 iam
816 389 889 436 agit
928 389 1094 424 Coloniae.
1155 400 1273 425 nonne
1304 390 1531 438 apertissima
1563 391 1802 427 contumelia?
1847 393 1893 428 De
1922 393 2078 431 Luthero

361 447 492 483 bullam
522 446 620 481 misit
648 458 759 493 papa,
797 456 877 481 vere
907 444 1060 484 bullam,
1099 451 1137 479 ut
1173 445 1288 481 audio.
1348 445 1496 492 angelos
1527 447 1626 486 meli,
1664 447 1696 481 b.
1721 448 1884 488 Petrum,
1920 449 2077 490 Paulum,

361 514 500 539 omnem
527 508 726 537 ereaturam
755 512 905 548 prorsus
931 501 1061 536 excitat
1088 501 1123 535 iu
1154 501 1348 537 Lutherum
1379 508 1415 537 et
1440 503 1683 543 adlnerentes3
1712 504 1960 544 ‘truculentum
1984 517 2079 542 com-

360 558 558 596 burantnr'‚
592 564 627 592 et
654 556 869 591 huiusmmli.
919 557 1046 604 quodsi
1079 556 1158 591 talis
1185 563 1241 592 est
1271 556 1386 597 hulla,
1420 558 1560 606 qualem
1592 547 1781 594 ille‘nobis
1811 560 1987 607 depinxit,
2018 573 2106 608 pit-5

361 626 437 649 rum
465 613 571 648 habet
601 611 789 660 apostolici
822 612 998 660 pectoris,
1030 613 1116 647 nibil
1144 613 1302 649 lenitatis
1333 614 1554 650 Clu-istiante.
1611 617 1637 650 (j
1668 615 1817 650 liberam
1848 615 2080 658 Germaniam,

360 670 420 705 ubi
458 674 582 704 nostra
622 668 788 703 libertas?
837 680 901 704 nee
929 668 1053 715 lingua
1083 668 1195 705 libera
1223 675 1290 705 est.
1348 669 1482 706 Latitat
1512 670 1707 710 lluttenus,
1745 671 1801 707 eui
1836 683 1855 707 a
1885 671 2082 708 Romanen-

361 725 459 761 sibus
484 730 648 772 paratum
682 723 749 760 suit
781 736 975 764 veneuum;
1019 724 1223 764 subornati,
1257 726 1316 773 qui
1345 732 1515 774 caperent
1550 727 1705 763 vinctum
1733 728 1878 763 Romam
1913 727 2082 764 ducentes

361 787 421 817 aut
451 781 682 817 trucidarent.
734 792 798 815 nee
825 785 942 816 tamen
973 780 1033 815 diu
1063 780 1209 821 latebit,
1238 782 1322 829 quin
1350 783 1514 818 monachi
1537 783 1712 823 sentient,
1746 782 1876 831 quihus
1901 784 1975 820 haec
2001 796 2083 832 pro-

359 838 472 873 vincia
505 837 572 872 fuit
601 837 809 873 commissa:
850 842 934 871 suut
963 836 1057 872 enim
1082 837 1184 873 suriae
1214 837 1406 885 pontificis.
1462 839 1632 887 Princeps
1657 835 1818 875 Saxoniae
1846 851 1971 886 magua
1997 839 2129 876 libe-to

361 893 501 929 ralitate
533 893 648 929 utitur
679 893 713 928 in
738 893 883 932 doctos;
924 893 1023 928 aiunt
1059 893 1237 929 neminem
1278 893 1338 929 illo
1378 894 1614 941 integriorem
1652 902 1688 931 et
1726 895 1840 941 magis
1873 895 2082 943 principem.

360 950 539 985 Lutberus
569 955 731 996 erumpet
756 949 798 984 de
829 949 921 984 vitiis
953 949 1204 996 personalilnis
1232 956 1267 985 et
1292 950 1333 985 ad
1361 950 1499 986 suturas
1534 951 1709 987 nundinas
1736 951 1944 987 habebimus
1975 951 2086 988 multa
2120 968 2123 970 ·

360 1005 532 1041 tonitrua.
585 1005 636 1041 Tu
668 1004 755 1040 nibil
786 1016 903 1045 cessa,
936 1005 1059 1040 adesto
1086 1005 1191 1041 bouis
1218 1006 1321 1045 viris,
1349 1007 1472 1042 adesto
1498 1007 1622 1054 pietati
1644 1007 1853 1043 (ltu-istiauae
1877 1008 1968 1055 apud
1993 1013 2084 1048 tuos,

362 1061 422 1097 ubi
455 1061 650 1108 plurimum
677 1067 792 1108 potes.
853 1061 1014 1097 Monac-hi
1041 1061 1128 1096 nihil
1161 1073 1232 1097 non
1267 1068 1415 1098 tentant.
1476 1063 1579 1099 veliin
1605 1064 1768 1099 Christus
1797 1064 1939 1099 taudem
1969 1064 2086 1112 adspi-

361 1123 459 1152 ceret
485 1129 542 1152 res
572 1117 740 1156 afflictas,
773 1117 867 1164 quod
899 1117 1161 1164 impetrandum
1193 1118 1325 1153 sedulis
1356 1119 1522 1166 precibus
1549 1126 1583 1155 et
1611 1120 1825 1167 gemitibus,
1858 1126 1897 1154 ut
1924 1119 2003 1159 ille,
2032 1120 2128 1155 in-15

362 1172 634 1208 enarrabilibus.
682 1172 765 1208 Vale
796 1173 829 1208 in
862 1173 1018 1208 domiuo.
1056 1174 1141 1208 Cum
1167 1174 1308 1210 rediero
1331 1174 1520 1215 Basileam,
1545 1176 1747 1224 copiosius:
1780 1187 1859 1211 nam
1887 1187 1957 1211 uon
1981 1176 2086 1212 datur

361 1227 415 1263 vel
446 1228 618 1275 relegere.
666 1228 870 1276 Moguntiae.
920 1235 973 1267 l'o.
999 1229 1073 1265 Oct.
1102 1233 1198 1267 1520.
1737 1222 1776 1267 ‘O
1804 1224 1883 1275 σός.

669 1487 697 1489 ἡ
1002 1426 1462 1476 CLXXXXVHH.
1820 1448 1863 1473 2⁶.
1986 1448 2063 1474 1⁵20.

636 1494 898 1567 HVTTER'VS
930 1528 1196 1569 BONIFACIO
1227 1530 1548 1570 AMORBACHIO
1581 1531 1821 1570 SALVTEM.

484 1606 656 1657 Dubitas
675 1607 720 1645 ad
752 1620 814 1646 ine
844 1607 1093 1646 scribendum
1125 1621 1172 1646 au
1203 1610 1269 1654 sit,
1302 1610 1409 1660 quasi
1442 1622 1532 1647 vero
1563 1610 1610 1648 ad
1642 1622 1861 1661 quenquam
1885 1611 2001 1650 alium
2023 1617 2132 1650 aut-20

370 1674 479 1724 prius
510 1674 575 1717 sit,
608 1679 673 1712 aut
703 1676 843 1725 szepius
874 1676 933 1713 sit.
995 1675 1224 1725 Quanquam
1255 1677 1286 1715 si
1316 1677 1389 1715 hoe
1421 1678 1662 1727 propositum
1702 1677 1769 1715 tibi
1809 1684 1885 1723 est,
1926 1684 1968 1717 ut
2006 1680 2088 1730 qui-

371 1740 535 1778 busdam
576 1754 636 1779 me
676 1754 815 1780 oneres
854 1743 1070 1781 immodicis
1110 1742 1307 1788 laudibus,
1355 1744 1465 1782 facile
1504 1745 1630 1794 patior
1668 1751 1858 1795 perpetuo
1893 1745 2007 1784 silere
2038 1751 2087 1785 te.

373 1808 475 1845 Scito
515 1809 617 1846 enim
655 1809 748 1847 nihil
772 1811 824 1848 *iu
864 1810 996 1848 amicis
1035 1811 1189 1860 gravius
1228 1811 1331 1849 serre
1370 1811 1595 1849 llutteuum.
1655 1811 1788 1862 Itaque
1820 1817 1856 1851 et
1887 1814 1917 1851 si
1957 1825 2090 1852 carere

372 1879 436 1912 tua
468 1876 629 1913 amicitia
662 1888 739 1914 non
773 1888 949 1926 possum,
990 1877 1092 1915 serre
1125 1878 1234 1915 istam
1268 1883 1394 1916 tamen
1425 1880 1460 1916 iu
1496 1883 1530 1915 te
1561 1891 1743 1929 pompam
1774 1891 1943 1930 nequeo,
1987 1881 2090 1931 quod

373 1947 413 1979 ut
445 1943 638 1992 ingratum
671 1943 738 1981 abs
770 1949 806 1981 te
838 1944 930 1981 mibi
961 1944 1117 1988 accidit,
1151 1945 1199 1983 ita
1232 1945 1442 1983 iucundum
1476 1946 1545 1984 suit,
1576 1946 1678 1996 quod
1701 1938 1787 1984 ἀπὸ
1810 1944 1884 1998 τῆς
1905 1945 2133 1998 καρδίας-25

373 2011 717 2047 sacramentarium
749 2015 786 2048 te
817 2011 909 2048 inihi
942 2011 1077 2055 offers,
1119 2025 1233 2062 quem
1266 2012 1409 2050 idcireo
1441 2018 1478 2050 et
1509 2014 1654 2063 arripio
1686 2013 1871 2058 libenter,
1912 2019 1948 2052 et
1986 2026 2090 2052 com-

372 2075 520 2125 plectar
550 2078 803 2115 tenacissime.
866 2078 977 2122 Quod
1008 2079 1144 2117 scribis
1177 2080 1331 2118 cottidie
1368 2080 1406 2117 iu
1446 2079 1623 2118 manibus
1662 2080 1806 2119 habere
1840 2086 1875 2119 te
1907 2081 2092 2132 opuscula

374 2155 478 2187 inea,
511 2144 641 2181 nescio
673 2156 720 2182 au
751 2145 963 2182 rereudmn
994 2145 1068 2183 hoe
1100 2147 1164 2187 sit,
1198 2152 1239 2184 ut
1270 2146 1429 2185 meliora
1459 2147 1702 2196 posthabeas.
1754 2147 1910 2186 Nullum
1939 2160 2009 2198 pro
2031 2161 2092 2187 me

374 2210 581 2249 discrimen
613 2223 781 2248 recusas.
843 2212 889 2248 At
927 2213 1052 2261 ipsum
1094 2213 1186 2251 illud
1231 2214 1393 2251 sortasse,
1433 2225 1530 2263 opus
1570 2227 1647 2252 nou
1688 2220 1762 2259 est,
1805 2215 2011 2254 discrimen
2051 2221 2091 2254 ut

373 2277 509 2322 adeas,
542 2290 763 2329 quanquam
794 2278 824 2315 si
856 2278 990 2323 suerit,
1022 2280 1214 2329 sperabile
1246 2285 1299 2321 est
1334 2282 1369 2318 in
1403 2286 1438 2318 te
1469 2281 1713 2331 profugium,
1746 2282 1819 2320 hoc
1851 2287 1939 2333 peto
1971 2288 2013 2321 ut
2042 2296 2090 2322 ne
2104 2296 2137 2322 30

374 2357 505 2383 amare
544 2345 713 2389 desinas,
760 2350 797 2383 et
835 2346 1045 2395 siepissime
1084 2347 1322 2385 familiariter
1367 2360 1437 2397 per
1483 2348 1611 2386 literas
1650 2354 1692 2387 ut
1732 2348 1976 2399 colloquaris.
2038 2350 2091 2389 De

373 2411 491 2449 Eekio
522 2417 628 2450 recte
660 2413 752 2450 sacis
783 2412 886 2462 quod
926 2414 1098 2463 ineptum
1130 2414 1369 2452 balatronein
1401 2415 1524 2452 odisti.
1586 2415 1757 2454 Meretur
1788 2416 1860 2454 hoe
1892 2417 2014 2461 euim,
2056 2422 2093 2455 et

373 2484 415 2516 ut
445 2479 773 2529 esuuemptissime
805 2479 977 2517 rideatur
1008 2492 1028 2518 a
1058 2480 1172 2518 bonis
1203 2481 1394 2519 omnibus.
1457 2482 1609 2532 Optime
1640 2483 1723 2521 vale
1762 2495 1807 2521 ex
1840 2483 2093 2536 Steckelberg

374 2545 419 2596 vij
453 2542 581 2583 Galesi.
615 2543 818 2584 Nouebris.

2182 2467 2204 2484 Ο

574 2613 650 2651 Per
681 2625 968 2652 amanuensem.
2104 2633 2136 2659 35

375 2712 692 2745 CLXXXXVIHI.
741 2714 772 2746 A
788 2727 834 2741 z
849 2714 923 2745 MS.
951 2715 995 2746 ad
1014 2725 1047 2748 n.
1065 2726 1212 2747 chnu.
1233 2716 1354 2748 adnot.
1450 2716 1469 2747 2
1494 2729 1539 2744 Ξ
1562 2717 1724 2749 Rutu-ich
1749 2718 1841 2758 (Ind.
1861 2717 1948 2749 bibl.
1969 2729 2002 2750 n.
2021 2718 2092 2759 85.)

1061 2783 1093 2813 p.
1114 2771 1189 2803 ‹5:30.
1211 2783 1262 2813 sq.
1291 2783 1323 2803 11.
1345 2783 1394 2803 xr.

465 2858 492 2878 ¹²
517 2859 560 2890 de
579 2860 682 2891 vitiis
699 2860 882 2903 persons?
907 2863 1027 2893 Locus:
1047 2867 1253 2904 corruptus:
1277 2863 1362 2902 sort.
1381 2865 1401 2894 I.
1429 2863 1471 2894 de
1499 2864 1671 2894 convitiis
1696 2863 1891 2905 papalibus
1963 2862 1990 2882 ¹⁵
2015 2861 2090 2905 ille]

373 2914 475 2945 Paul.
498 2926 552 2956 ep.
574 2916 619 2947 ad
639 2917 737 2958 lx'oin.
758 2917 923 2948 Vnt-26.

463 2969 491 2988 ²⁰
510 2981 724 3013 quemquam
742 2975 774 3004 2.
823 2973 852 2993 ²³
872 2975 942 3005 etsi
960 2976 992 3005 2.
1042 2972 1070 2993 ²5
1087 2967 1164 3005 ‹inf›
1181 2985 1212 3005 τ.
1232 2972 1281 3016 κ.]
1301 2985 1346 3006 eoe
1363 2976 1481 3012 corde,
1501 2986 1547 3005 ea*
1565 2977 1684 3007 animo.
1732 2973 1800 2994 ²⁶·27
1819 2974 2041 3016 complector
2057 2977 2090 3008 2.

335 3035 338 3038 ⁴
375 3023 404 3042 ³⁰
430 3035 645 3066 quamquam
664 3030 695 3059 2.
764 3034 842 3071 post
869 3031 980 3062 fuerit
1005 3031 1123 3061 addidi
1147 3054 1155 3067 ,
1231 3028 1260 3049 ³²
1285 3029 1487 3061 balatorem
1507 3033 1539 3062 2.
1611 3030 1640 3050 ³³
1665 3030 1929 3072 Steckelberga
1948 3034 1979 3062 2.
