2078 3469
173 257 313 290 CLVII.
333 265 502 289 coanAE1
519 265 567 287 AD
586 265 735 288 PIRCKH.
754 265 809 288 ΕΡ.
838 254 1000 288 CLVIII.
1019 265 1153 288 ADELM.
1172 265 1220 287 AD
1238 265 1346 288 van.
1366 265 1399 287 n.
1421 260 1462 286 111.
1480 264 1562 286 Arn.
1582 260 1659 287 1521».
1711 245 1806 291 335

1515 375 1559 399 25.
1578 378 1687 400 MART.
1710 375 1784 400 1520.

192 445 334 479 Erasmi
360 445 405 476 ad
429 445 617 485 Aloysium
634 446 854 477 Μαι-1131111111
881 447 1091 488 episcopum
1109 446 1313 478 Tudensem
1331 448 1487 479 Lovanii
1504 448 1604 478 VIII.
1625 447 1703 478 Cal.
1721 449 1807 488 Apr.

108 515 139 536 a.
166 502 261 534 1521.
288 501 463 542 scriptam
482 501 693 542 epistulam,
722 502 819 532 infra.
846 502 893 542 (11.
915 502 1159 542 CCXXVIII.)
1179 512 1242 533 suo
1260 502 1340 533 loco
1361 503 1611 543 exhibendam,
1631 514 1697 545 per
1714 513 1808 534 erro-

109 570 181 592 rem
204 559 242 589 in
267 556 375 588 editis
402 566 496 587 auno
514 556 609 587 1520.
638 557 870 588 adscribitur.

79 781 94 806 5
128 778 431 802 FRANCKFORDIAE.
859 755 1060 803 CLVII.
1520 775 1546 801 5.
1565 781 1687 801 Armi..
1710 776 1786 802 1520.

355 870 542 916 IOANNES
572 870 812 906 COCHLAEVS
841 870 1064 905 BILIBALDO
1094 870 1430 906 PIRCKHEYMERO
1462 872 1494 906 S.
1517 873 1553 906 P.

213 961 296 1005 Quae
337 966 377 996 tu
411 960 469 1008 pie
507 959 678 995 monuisti
718 970 774 994 me
814 959 1061 1006 superioribus
1098 959 1233 998 literis,
1280 960 1413 1007 optime
1452 961 1592 995 domine
1631 961 1811 1002 Bilibahle,

106 1029 233 1067 sequar
269 1022 401 1065 quanta
438 1027 586 1063 possum
622 1015 827 1061 diligentia,
867 1015 1001 1061 gratias
1044 1014 1106 1049 tibi
1146 1015 1188 1049 de
1227 1015 1282 1049 his
1321 1015 1471 1061 aliisque
1511 1016 1666 1057 intcn'ni
1692 1029 1812 1063 agens.

107 1075 245 1112 Seneeae
284 1084 393 1120 opera
429 1072 569 1107 monitu
612 1077 674 1107 tuo
714 1071 913 1118 comparavi
952 1076 987 1105 et
1026 1070 1223 1117 scriptores
1255 1070 1431 1105 Caesarum
1471 1077 1505 1106 et
1543 1072 1715 1118 pleraque
1746 1072 1813 1107 alia

67 1130 232 1179 inquibus
262 1128 474 1164 instructior
503 1127 593 1163 siam.
653 1127 749 1162 'Nova
779 1132 905 1161 autem·
929 1138 1039 1174 opera
1071 1138 1150 1173 qna¹
1182 1132 1304 1165 antea,
1346 1127 1396 1162 sic
1436 1126 1578 1165 saltem,
1616 1139 1690 1163 non
1722 1128 1814 1163 vide-

108 1187 175 1226 ris,
207 1185 342 1221 inclusa
372 1184 486 1219 literis
516 1183 679 1219 chartula
710 1182 897 1222 indicabit,
938 1194 1016 1229 qua·
1049 1182 1166 1217 omnia
1196 1182 1345 1217 Ioannes
1376 1182 1561 1229 Koberger
1599 1184 1714 1218 isthuc
1746 1184 1814 1218 iani

107 1242 310 1281 destinavit,
351 1245 593 1288 praeterquam
624 1239 771 1274 Ilutteni
802 1238 988 1285 Dialogos.
1028 1238 1087 1285 qui
1127 1238 1162 1272 in
1200 1238 1307 1273 horas
1347 1239 1460 1273 adhuc
1491 1244 1744 1285 exspectantur
1774 1251 1814 1274 ex

109 1297 245 1334 officina
275 1297 512 1343 Moguntiaca.
572 1295 685 1331 Credo
716 1306 795 1330 euin
835 1306 929 1329 nunc
961 1294 1165 1340 Bainbergae
1202 1306 1280 1328 esse
1318 1295 1408 1341 apud
1441 1295 1598 1329 (Irotnin.
1659 1295 1686 1328 si
1720 1295 1814 1329 sorte

111 1354 152 1390 ad
191 1359 226 1389 te
266 1353 425 1391 venerit,
472 1363 563 1398 rogo
606 1363 685 1387 eum
727 1351 918 1386 admoneas
956 1350 1157 1385 Cassiodori
1198 1349 1386 1385 Fuldensis
1425 1349 1671 1385 bibliothecas:
1717 1356 1814 1385 certe

70 1418 207 1446 15mens
236 1420 309 1444 non
341 1408 491 1455 quiescit
524 1408 684 1446 animus,
716 1406 784 1441 nisi
816 1405 1028 1441 intellexero
1061 1406 1144 1452 quid
1176 1417 1325 1452 opernm
1357 1405 1452 1440 illins
1484 1405 1531 1439 ibi
1568 1406 1814 1440 contincatur:

109 1465 258 1512 henigne
290 1465 432 1511 quidem
463 1463 548 1498 1111111
580 1463 635 1498 hic
668 1474 811 1509 operam
843 1474 942 1496 suam
973 1462 1007 1496 in
1039 1473 1078 1496 ea
1110 1473 1147 1496 re
1178 1461 1362 1508 pollicitus
1394 1467 1448 1496 est
1470 1461 1666 1501 lluttenns;
1700 1467 1815 1496 tamen

109 1522 138 1557 si
167 1533 185 1556 a
218 1525 250 1556 te
282 1531 426 1567 quoquc
457 1524 662 1557 moneatur,
695 1518 829 1553 certius
859 1518 945 1552 1111111
976 1518 1043 1552 erit
1074 1523 1195 1552 votnm
1227 1523 1261 1552 et
1301 1529 1382 1564 spes
1422 1516 1568 1552 firmior.
1628 1517 1706 1551 Fuit
1739 1517 1815 1552 heri

109 1577 198 1625 apud
228 1587 283 1611 me
313 1575 439 1612 consul
471 1580 596 1610 noster
625 1574 812 1621 Philippus
843 1573 1147 1619 Ffirstcnberger‚
1186 1573 1240 1607 vir
1269 1572 1384 1607 bonus
1417 1578 1451 1608 et
1489 1579 1714 1612 mansuetus,
1757 1573 1815 1619 qui

111 1644 251 1681 operam
282 1643 380 1667 suam
421 1631 574 1677 benigne
613 1631 653 1665 ad
697 1632 898 1677 profectum
936 1641 1050 1664 menni
1094 1629 1190 1664 ultro
1228 1629 1393 1675 promisit
1433 1634 1467 1663 et
1505 1629 1629 1675 petiit,
1676 1634 1715 1663 ut
1754 1629 1818 1663 liae

68 1694 250 1728 2oaestate,
281 1687 341 1723 ubi
372 1687 459 1722 1111111
491 1687 584 1722 exire
617 1686 776 1725 licuerit,
809 1686 851 1720 ad
883 1698 920 1721 sc
951 1685 1161 1720 descendam
1195 1685 1230 1719 111
1262 1696 1321 1719 rus
1353 1685 1527 1723 Rinckau:
1560 1697 1640 1719 nain
1670 1696 1749 1719 cum
1772 1685 1817 1718 sit

110 1745 157 1780 ibi
186 1744 376 1780 multarum
417 1743 689 1790 possessionum
726 1742 908 1781 dominus,
955 1740 1029 1775 vult
1069 1746 1229 1776 testatem
1270 1740 1370 1775 linito
1407 1740 1597 1776 consulatu
1639 1740 1816 1775 rusticari.

110 1812 257 1848 cumque
294 1800 433 1846 legeret
471 1798 660 1846 epistolam
707 1804 803 1833 tuam
850 1798 886 1832 in
925 1796 1136 1843 Ful-gentio.
1182 1796 1321 1832 dicebat
1362 1797 1587 1831 mitissimum
1629 1797 1695 1831 sibi
1740 1807 1816 1830 esse

111 1856 270 1892 abbatem
301 1855 637 1903 Sponheimenseni,
686 1854 932 1889 solicitatnrns
971 1853 1064 1899 apud
1092 1864 1204 1889 euni.
1251 1858 1290 1886 ut
1328 1852 1388 1887 liat
1426 1852 1529 1887 nobis
1569 1853 1669 1899 copia
1700 1852 1820 1886 viden-

111 1913 235 1948 dorum
265 1911 335 1947 illie
366 1911 553 1946 librorum.
614 1910 704 1945 Sunt
735 1915 771 1945 ct
801 1909 868 1944 alia
900 1909 1028 1943 ibidem
1059 1908 1294 1947 monasteria,
1341 1908 1399 1942 ubi
1438 1908 1556 1955 aliqua
1595 1913 1697 1955 putat
1741 1918 1820 1942 esse

70 1975 102 2001 25
115 1969 268 2016 antiqua.
327 1967 432 2006 vidit,
465 1967 585 2002 nescio
617 1966 698 2005 nbi,
732 1966 888 2012 Trogum
915 1964 1140 2012 Pompeium,
1172 1964 1302 1998 librum
1333 1963 1522 2009 Fulgentio
1553 1969 1680 1998 nostro
1711 1962 1820 2010 duplo

114 2024 205 2060 forte
235 2024 416 2059 maiorem.
477 2022 566 2066 Quid
599 2022 660 2057 tibi
694 2033 815 2068 quaeso
846 2021 1006 2059 videtur,
1039 2032 1158 2055 nonne
1188 2020 1318 2066 dignus
1350 2025 1444 2054 esset
1466 2025 1503 2054 nt
1526 2020 1821 2066 perquireretur?

114 2079 196 2123 Quae
227 2085 265 2115 tu
294 2080 337 2115 de.
370 2079 459 2114 turri
492 2079 699 2125 Mognnlina
731 2077 867 2115 dixisti,
908 2077 1086 2112 llnttenns
1127 2088 1164 2111 se
1195 2076 1408 2111 discussisse
1440 2076 1499 2110 ait.
1562 2075 1654 2109 Vidit
1695 2073 1821 2118 consul

114 2141 238 2171 noster
268 2141 350 2171 tuos
382 2136 449 2170 iam
481 2135 597 2169 editos
628 2133 814 2180 ‹lialogos;
846 2144 914 2179 ego
946 2132 1102 2167 nonduin
1134 2132 1224 2172 vidi,
1257 2131 1325 2165 nisi
1356 2132 1448 2178 apud
1482 2137 1515 2166 te
1547 2131 1631 2166 olim
1656 2157 1820 2165 ......

117 2219 339 2226 ........
364 2207 371 2225 ·.
397 2220 403 2225 .
428 2219 435 2225 .
460 2219 466 2225 .
492 2219 498 2225 .
523 2219 530 2225 .
562 2191 654 2225 Bene
685 2190 772 2224 vale.
805 2189 853 2226 Ex
883 2188 1148 2224 Franckl'ordia.
1180 2188 1268 2222 Non.
1301 2187 1412 2234 April.
1446 2190 1547 2222 Anno
1581 2187 1756 2222 ebloxx.

22 583 27 707 l

23 711 29 1016 ἓ

24 1018 30 1091 Ι

75 2323 108 2352 30
403 2311 564 2343 ‘CLVIL
605 2311 810 2341 Heumann.
840 2309 968 2349 (Indic.
987 2309 1157 2350 bibliogr.
1177 2318 1210 2338 n.
1230 2306 1302 2348 ΤΟ.)
1328 2319 1360 2349 p.
1379 2307 1517 2338 45...-17.

139 2556 313 2579 AVGVSTAE
334 2556 628 2579 vmnnmconvsi.
852 2532 1081 2581 CLVIII
1518 2546 1561 2572 10.
1580 2551 1701 2572 APRIL.
1725 2547 1800 2571 1520.

298 2650 581 2686 BERNHARDVS
611 2648 845 2683 ADELMANN
874 2647 927 2682 DE
957 2644 1384 2682 ADELMANNSFELDEN
1414 2644 1652 2680 CANonVS

593 2711 860 2744 BILIBALDO
892 2709 1275 2743 PIRCKHEYMERO
1314 2709 1348 2741 S.

229 2796 315 2832 Post
354 2795 498 2831 ultimas
536 2794 659 2830 literas
693 2798 770 2829 tuas
803 2804 890 2840 quas
921 2793 962 2828 ad
993 2803 1049 2827 me
1086 2791 1233 2831 dedisti,
1280 2790 1436 2826 intellexi
1476 2802 1547 2825 non
1587 2791 1663 2826 sine
1701 2790 1827 2825 dolore

12 2863 17 2882 1
80 2855 157 2892 35te
193 2853 350 2900 graviter
387 2852 421 2886 in
461 2851 649 2899 pristinam
696 2849 937 2884 infirmitatem
984 2854 1078 2883 tuam
1125 2847 1293 2882 retudisse
1336 2874 1750 2882 ..............
1781 2847 1827 2882 De

612 2959 776 2990 CLVIII.
817 2958 1022 2988 Heumann.
1040 2956 1063 2987 l.
1084 2967 1114 2987 c.
1134 2967 1169 2997 p.
1192 2955 1265 2986 loo.
1286 2966 1338 2996 sq.

211 3048 239 3070 ¹²
263 3049 441 3092 dialogos]
468 3051 629 3081 Fortuna
655 3053 717 3080 etc.
745 3049 801 3089 qui
823 3058 932 3079 mense
959 3048 1090 3089 Aprilis
1115 3059 1146 3078 (ι.
1168 3046 1264 3078 1520.
1291 3057 1337 3078 ear
1361 3047 1497 3087 officina
1515 3046 1737 3087 Schefferarm
1752 3056 1831 3086 pro-

126 3105 328 3138 dierunth.
348 3107 458 3139 indic.
478 3105 648 3147 bibliogr.
668 3115 703 3136 n.
722 3105 850 3136 XXVI.
864 3104 893 3135 1.
987 3102 1016 3124 ²⁰
1040 3101 1222 3145 Rinckau]
1249 3103 1431 3144 Rlzez'nyau.
