2232 3568
427 196 443 240 1
463 196 520 240 14
580 203 741 235 XXXVI.
766 208 794 232 2.
812 211 895 233 EOB.
914 210 1022 232 nnssl
1040 209 1244 232 RESPONSlo
1262 209 1434 231 mxnfln.
1452 209 1500 231 AD
1518 209 1681 232 nvn-Em
1699 211 1818 232 EPIST.
1837 211 1986 234 numen.

621 314 802 361 Leqimus
827 317 865 350 et
885 311 1061 350 turbasse
1081 321 1233 358 comas,
1255 312 1433 359 posuisse
1455 313 1637 360 nitorem,

567 394 583 419 4
714 379 795 416 Nec
819 387 975 425 qemma
1003 378 1145 425 diqitos
1173 380 1343 427 amplius
1369 389 1452 416 esse
1475 389 1644 426 pravest

621 446 672 483 In
694 455 764 482 nos
791 445 974 482 causaris
1001 446 1188 492 neqlectoe
1210 446 1380 484 crimina
1404 445 1570 494 formai,

579 495 585 500 ⁸
718 511 770 549 Et
795 512 955 548 nimium
983 512 1090 549 lenta
1117 513 1256 551 scribis
1284 513 1417 551 abesse
1445 523 1578 555 mora,-

621 577 787 625 Scribis,
822 582 865 615 ut
892 578 953 615 liis
981 580 1089 617 curis
1117 580 1185 616 vioe
1211 582 1337 628 possis
1365 591 1478 628 ceqra
1506 582 1649 629 levari,

566 658 582 683 s
715 645 768 682 Et
795 645 1006 693 desperata
1028 656 1135 694 pene
1159 648 1286 686 salute
1313 649 1424 686 mori.

621 712 667 751 Si
693 722 772 760 qua
791 710 875 758 fuit
895 722 1014 760 quam
1038 723 1108 751 nos
1132 715 1250 752 velles
1278 717 1427 754 misisse
1454 717 1637 763 salutem,

715 779 899 828 Despice,
924 791 1029 818 nunc
1050 782 1227 829 primum
1250 787 1307 820 est
1327 783 1397 821 illa
1422 782 1598 830 ferenda
1627 784 1716 823 tibi:

621 847 722 885 Nam
751 852 818 885 tua
844 849 901 886 sic
924 848 1097 886 animum
1123 850 1316 897 permovit
1337 851 1501 898 epistola
1530 855 1723 898 nostrum,

551 927 583 952 12
721 913 768 952 Ut
783 917 978 963 placeant
1006 916 1122 954 avido
1143 927 1260 964 quam
1293 919 1402 956 stilus
1425 929 1541 956 arma
1565 920 1716 966 mimis,-

621 981 672 1019 Et
700 982 768 1020 tibi
793 993 870 1020 non
893 983 1030 1021 eadem
1058 985 1161 1022 ratio
1188 988 1261 1032 est,
1288 995 1360 1023 nee
1388 987 1484 1024 velle
1511 987 1676 1035 videris,

720 1049 900 1097 Quisquis
922 1055 964 1088 ut
992 1050 1188 1098 afflictam
1211 1052 1348 1090 liberet
1375 1052 1558 1094 Italiam,-

622 1117 701 1155 Nos
725 1127 856 1164 reqem
870 1147 879 1164 ‚
909 1121 952 1155 ui
981 1118 1107 1161 decet,
1137 1121 1318 1166 aquoscis
1348 1120 1622 1168 dominumque
1645 1120 1810 1167 fateris,

549 1196 582 1222 16
714 1184 839 1222 Dulce
866 1185 923 1222 tui
945 1195 1083 1222 nomen
1115 1185 1285 1224 Ccesaris
1308 1187 1409 1225 illud
1437 1197 1572 1232 amas,-

621 1250 707 1288 Hoc
733 1255 857 1298 vetus,
887 1251 960 1289 lioc
987 1253 1160 1300 supplex
1189 1252 1407 1300 Auqustum
1435 1265 1574 1293 nomen
1599 1255 1748 1294 adoras

716 1319 840 1366 Atque
868 1319 1032 1367 Aquilas
1059 1321 1220 1368 repetis,
1244 1321 1368 1359 libera
1391 1322 1525 1370 siqua,
1549 1327 1659 1368 tuas,-

624 1385 906 1424 Commemoras
929 1391 1098 1425 veterum
1125 1387 1325 1426 Mavortia
1345 1388 1463 1435 facta
1489 1394 1720 1438 pareutum,

549 1466 582 1492 20
714 1453 881 1492 Restitui
903 1465 980 1503 per
1009 1466 1079 1494 uos
1107 1460 1144 1494 et
1164 1457 1270 1504 petis
1297 1457 1385 1504 ipsa
1409 1457 1486 1494 tibi.

620 1521 749 1559 Parce
774 1523 887 1569 queri
911 1533 1101 1571 servaque
1118 1523 1238 1570 fidem
1267 1528 1305 1562 et
1332 1535 1421 1573 spes
1449 1527 1610 1574 concipe
1639 1536 1825 1573 maenas,

714 1588 803 1626 Iam
826 1590 912 1636 tibi,
936 1601 985 1628 ne
1008 1590 1161 1638 dubita,
1187 1595 1318 1629 noster
1338 1593 1499 1631 anhelat
1521 1604 1644 1641 equus
1653 1608 1668 1638 ‚-

623 1655 976 1705 Quantulacunque
1005 1663 1117 1696 nocet
1138 1659 1294 1708 cupidis
1321 1670 1453 1707 mora,
1477 1664 1613 1698 nostra
1642 1660 1713 1698 sub
1736 1662 1860 1698 armis

548 1734 580 1759 24
713 1723 785 1761 Est
805 1725 927 1772 iqitur
936 1710 1072 1764 ‘variis
1099 1727 1232 1764 littera
1257 1725 1399 1774 fracta
1427 1729 1543 1766 locis:

619 1789 835 1830 Scribimus
862 1796 901 1830 et
922 1793 1073 1831 dictant
1099 1795 1214 1832 iratce
1238 1794 1357 1833 verba
1384 1794 1599 1843 Camoeme,

720 1858 927 1899 Terribiles
950 1860 1133 1907 referunt
1160 1863 1318 1909 sinqula
1348 1862 1466 1900 verba
1494 1863 1626 1907 tubas‚·

620 1926 734 1964 Nunc
764 1927 861 1965 milii
887 1926 1115 1966 Teutonicas
1139 1930 1273 1967 videor
1307 1934 1487 1977 spectare
1513 1931 1754 1978 plialanqes,

548 2005 580 2031 28
712 1994 779 2030 Ex
807 2005 888 2032 una
917 1997 1062 2043 quoties
1091 1998 1242 2045 scripta
1271 1996 1414 2034 tabella
1435 1998 1566 2044 plaqa
1591 2002 1666 2044 est,

620 2060 733 2099 Nunc
761 2063 899 2109 lonqas
921 2063 1098 2111 brevibus
1121 2068 1278 2102 certare
1305 2064 1506 2105 dolonibus
1527 2056 1687 2112 vhastas,

717 2128 811 2167 Cum
832 2131 934 2167 stelit
961 2130 1026 2169 liic
1049 2142 1183 2170 versus
1211 2133 1382 2179 lonqior,
1413 2133 1481 2170 ille
1504 2132 1653 2171 brevis:

617 2194 776 2235 Scilicet
795 2208 848 2235 ex
877 2199 952 2235 ista
969 2201 1208 2246 promissam
1232 2204 1352 2248 parte
1379 2202 1543 2238 salutem

546 2275 579 2300 32
717 2263 767 2302 Ut
787 2266 944 2303 missam
967 2276 1104 2314 posses
1131 2267 1284 2314 dicere,
1311 2277 1412 2304 cura
1438 2267 1532 2314 suit.

617 2331 727 2379 Erqo
750 2333 807 2370 ad
827 2337 863 2371 te
889 2333 1042 2371 brevior
1065 2337 1170 2372 tanto
1200 2334 1269 2372 ibit
1294 2335 1476 2382 epistola,
1507 2340 1652 2382 quanto

713 2399 792 2438 Pro
822 2404 857 2438 te
885 2402 1071 2450 suscipiet
1093 2403 1246 2448 lonqior
1271 2412 1386 2439 arma
1416 2412 1557 2440 manus
1567 2416 1578 2440 .-

617 2467 795 2515 Namque
823 2469 921 2516 quid
943 2469 1109 2519 Alpinas
1131 2467 1261 2514 fuerit
1287 2470 1447 2507 movisse
1475 2469 1546 2507 sub
1573 2480 1704 2517 arces,

545 2546 578 2571 36
711 2535 915 2583 Afflictam
943 2547 1031 2575 cum
1060 2547 1138 2574 uon
1168 2537 1255 2584 ipsa
1285 2547 1456 2584 querare
1483 2535 1640 2576 minus?

619 2602 735 2640 Mene
763 2602 983 2642 Tridentini
1008 2605 1142 2642 urbem
1168 2615 1376 2652 superasse
1399 2604 1644 2652 Athesimque
1665 2603 1878 2651 fraqosum

713 2670 944 2710 Ludibrium
970 2672 1096 2719 famae
1127 2672 1376 2720 despicientis
1403 2669 1507 2710 erit?
1728 2663 1733 2671 ’

616 2737 696 2775 Illa
728 2739 883 2786 quidem
912 2750 990 2778 non
1018 2750 1123 2778 vana
1149 2744 1238 2778 tuas
1262 2740 1441 2787 pervenit
1468 2739 1524 2777 ad
1550 2749 1670 2778 aures

550 2817 583 2842 40
715 2807 840 2854 Atque
867 2808 1022 2855 aliquid
1047 2809 1174 2846 maius
1204 2817 1322 2856 quam
1350 2809 1573 2856 loqueretur
1603 2810 1692 2844 erat
1699 2820 1714 2851 ‚-

510 3003 536 3024 Μ
555 3005 636 3037 adfl.
647 3008 679 3038 4.
690 3009 722 3037 5.
786 3005 814 3026 ²⁴
831 3006 941 3040 litera
951 3011 984 3040 3.
995 3011 1027 3041 5.
1098 3007 1127 3028 ²⁵
1145 3007 1193 3050 et]
1213 3013 1254 3042 ut
1263 3011 1296 3040 5.
1361 3008 1546 3041 Camoenae
1566 3009 1663 3040 3...5.
1735 3004 1764 3026 ³⁶
1779 3004 1950 3038 Adfl.4.5.
2015 3002 2044 3024 3⁷
2059 3003 2129 3036 Ae·
2171 3027 2173 3030 <
2219 2998 2232 3030 <⁴⁴

417 3063 505 3092 state
533 3071 564 3092 a.
594 3061 689 3096 1509.
