2232 3568
441 218 534 266 35ss
681 226 839 258 CLXXI.
867 233 1096 257 ΗΥΤΤΕΝῙΆῙ)
1116 233 1310 256 ›mermi-M
1329 234 1528 256 LVTm-:Rvu
1546 232 1601 255 ΕΡ.
1622 232 1655 255 1›.
1674 229 1702 254 ⁴.
1721 232 1797 256 nm.
1820 229 1897 255 1520.

439 346 551 379 erunt
581 339 805 381 adversum,
837 348 915 373 non
947 340 1095 374 tantum
1125 346 1258 385 pares,
1291 336 1358 374 sed
1381 340 1422 374 ut
1442 348 1557 385 spero
1578 335 1800 384 superiores
1822 336 1946 373 etiam.
1993 334 2142 375 Utinam

364 409 499 449 §.eume
530 408 791 444 contemnant.
852 403 989 441 Eccius
1019 414 1082 440 me
1113 401 1249 440 detulit
1278 407 1320 440 ut
1350 407 1478 441 tecum
1509 401 1734 446 habentem,
1766 402 1804 439 in
1833 413 1909 452 quo
1931 400 2049 439 falsus
2068 413 2143 441 non

436 479 510 512 est:
562 483 715 521 semper
747 470 848 509 enim
878 470 917 507 in
947 470 992 507 iis
1023 481 1108 519 quae
1145 467 1334 512 intellexi,
1379 474 1509 508 tecum
1549 469 1670 512 sensi;
1716 473 1754 505 at
1791 467 1895 506 nulla
1935 467 2005 504 suit
2039 468 2143 517 prius

436 538 674 577 consuetudo
705 537 839 575 nobis:
870 548 960 574 nam
990 536 1095 586 quod
1125 535 1228 573 idem
1259 535 1370 580 dixit,
1403 536 1646 586 conspirasse
1676 535 1786 585 prius
1814 546 1906 578 nos,
1937 533 2012 571 hoc
2037 545 2144 573 men-

437 609 526 645 titus
557 611 614 645 est
643 606 682 643 in
713 604 874 655 gratiam
905 603 1069 641 Romani
1100 603 1282 653 episcopi.
1336 614 1358 639 o
1381 602 1578 641 hominem
1599 602 1844 652 impudenter
1872 599 2037 638 malum!
2069 600 2170 640 Seds

365 685 423 716 Μ.
438 674 646 713 videndum
678 676 752 715 est,
785 675 828 709 ut
857 669 910 708 illi
938 669 1124 708 reddatur
1155 669 1258 718 qued
1290 666 1473 707 meretur.
1534 669 1593 707 Tu
1625 670 1854 707 confirmare
1893 673 1930 706 et
1966 666 2145 707 robustus

438 747 539 785 esto,
573 753 644 779 nec
672 738 818 777 vacilla.
881 737 954 776 Sed
988 736 1079 787 quid
1110 748 1250 775 moneo
1281 735 1347 774 ubi
1378 748 1475 786 opus
1505 748 1584 773 non
1615 736 1695 774 est?
1733 735 1793 773 Me
1827 734 1949 773 habes
1979 734 2145 783 adstipu-

435 809 617 851 latorem,
650 808 688 844 in
720 817 854 844 omnes
885 805 999 842 etiam
1032 808 1201 842 eventus.
1262 803 1395 853 Itaque
1426 802 1583 841 consilia
1614 803 1741 840 omnia
1771 807 1835 840 tua
1866 801 2031 841 audebis
2045 805 2146 851 post·

435 876 508 914 hac
539 874 700 913 credere
731 873 835 911 mihi.
897 867 1157 909 vindicemus
1176 881 1424 908 communem
1455 869 1693 913 libertatem,
1739 868 1949 907 liberemus
1991 879 2145 918 oppres-

437 954 519 981 sam
550 942 615 980 diu
647 942 720 979 iam
753 938 937 989 patriam:
971 938 1086 976 deum
1118 937 1307 975 habemus
1337 938 1389 975 in·
1407 936 1603 986 partibus:
1636 936 1773 986 quodsi
1804 935 1900 974 deus
1929 947 2002 985 pro
2022 933 2184 980 nobis‚1o
2230 962 2232 967 .

365 1017 424 1049 §.a
442 1011 527 1061 quis
557 1014 691 1047 contra
723 1007 816 1045 nos'?
847 1005 1124 1044 Prosciderunt
1155 1009 1192 1042 te
1214 1003 1460 1042 Colonienses
1491 1009 1528 1042 et
1558 1004 1826 1041 LovanIenses.
1866 1002 1949 1040 haec
1979 1001 2040 1039 illa
2063 993 2157 1040 sunt⁸

436 1076 625 1115 diabolica
666 1074 849 1112 adversus
887 1073 1086 1111 veritatem
1125 1070 1390 1110 conciliabula.
1452 1071 1519 1109 sed
1561 1081 1882 1123 perrumpemus,
1923 1079 2146 1119 perrumpe-

437 1156 544 1187 mus,
590 1142 792 1180 adiuvante
823 1140 994 1184 Christo,
1040 1143 1211 1177 strenue.
1272 1138 1362 1176 Illos
1393 1150 1483 1177 vero
1515 1138 1645 1176 decuit
1674 1150 1764 1176 vere
1794 1137 1942 1187 potius,
1988 1135 2055 1174 ubi
2084 1146 2148 1174 ne-

439 1211 591 1261 gocium
622 1208 829 1251 incideret,
869 1211 906 1245 et
935 1205 1057 1244 libere
1088 1206 1270 1244 iudicare.
1333 1217 1409 1255 quo
1446 1205 1604 1243 nomine
1642 1205 1775 1242 monui
1813 1216 1878 1242 eos
1916 1203 2083 1254 quadam
2111 1202 2148 1241 in

363 1288 422 1319 §.a
438 1277 681 1328 praefatione,
715 1285 831 1325 quam
860 1272 986 1323 leges:
1018 1274 1143 1311 mittet
1174 1284 1258 1311 eam
1290 1272 1434 1322 Capito.
1494 1272 1617 1310 Hodie
1647 1272 1694 1310 ad
1716 1271 2006 1310 Ferdinandum
2038 1269 2143 1308 abeo.
2156 1277 2187 1304 1⁵
2216 1289 2218 1299 ι

436 1343 619 1395 quicquid
649 1343 701 1381 ibi
731 1346 887 1392 potero,
926 1344 1060 1378 nostro
1091 1340 1215 1384 bono,
1257 1352 1335 1377 non
1376 1339 1548 1378 cessabo.
1617 1338 1729 1378 Iubet
1765 1339 1811 1376 ad
1851 1350 1892 1376 se
1931 1337 2060 1377 venire
2092 1335 2147 1375 .N.
2201 1323 2232 1345 Τ

435 1418 492 1455 te,
535 1412 566 1449 si
595 1415 701 1449 tutus
731 1409 816 1447 istic
847 1408 938 1445 satis
968 1419 1046 1445 non
1077 1407 1148 1451 sis,
1192 1406 1396 1445 habiturus
1433 1418 1506 1456 pro
1544 1411 1610 1444 tua
1645 1406 1828 1456 dignitate
1866 1403 2076 1443 liberaliter
2114 1407 2150 1442 et

439 1478 624 1516 adversus
653 1477 780 1514 omnis
810 1475 964 1525 generis
993 1474 1169 1512 inimicos
1200 1474 1432 1512 defensurus
1462 1478 1631 1512 strenue.
1691 1473 1774 1511 Hoc
1812 1477 1873 1510 ter
1911 1476 1976 1509 aut
2016 1474 2149 1521 quater

348 1558 425 1589 §.m
439 1546 548 1584 iussit
579 1544 627 1582 ad
658 1549 695 1582 te
721 1542 946 1581 scriberem.
1008 1542 1052 1580 ln
1074 1541 1289 1580 Brabancia
1318 1541 1511 1579 invenient
1540 1553 1602 1579 me
1623 1545 1697 1578 tuae
1718 1539 1859 1583 literam
1891 1539 1990 1576 istuc
2011 1535 2147 1581 scribe,
2212 1558 2224 1578 ι,

440 1618 477 1651 et
508 1616 682 1650 amanter
713 1609 794 1649 vale
826 1614 863 1649 et
893 1611 932 1647 in
956 1608 1120 1647 Christo.
1181 1608 1398 1658 Moguntiae.
1439 1609 1592 1658 raptim.
1645 1607 1691 1646 ΙΙ.
1724 1607 1858 1646 Nonas
1878 1604 1989 1644 Iunii.
2040 1604 2188 1642 Anno2o
2211 1618 2228 1640 ι.

438 1678 619 1718 Μ.Ι].ΧΧ.

551 1743 889 1784 Melancbthonem
911 1743 1032 1782 saluta
1055 1748 1091 1782 et
1106 1743 1135 1781 F
1139 1742 1314 1787 acchum,
1337 1755 1388 1798 ac
1402 1742 1527 1781 bonos
1548 1743 1631 1781 istic
1652 1753 1800 1786 omnes,
1822 1742 2040 1790 iterumque
2059 1737 2150 1777 vale.
2208 1740 2232 1773 v⁸=

1231 1806 1365 1856 τέλος.

532 1935 540 1955 ¹
570 1937 686 1967 eciam
707 1936 740 1967 C.
822 1927 841 1953 '²
865 1934 1003 1966 Eckius
1022 1935 1054 1965 4.
1140 1932 1153 1952 3
1180 1934 1217 1964 in
1241 1933 1313 1964 hiis
1334 1934 1367 1965 C.
1455 1931 1468 1952 5
1493 1933 1658 1975 graciam
1680 1933 1713 1963 C.
1809 1929 1837 1951 ¹⁰
1867 1931 1899 1962 si
1924 1928 2023 1971 deus]
2050 1927 2151 1961 Paul.

443 1993 488 2023 ad
506 1993 606 2024 Rom.
625 1992 724 2023 VIII.
743 1990 797 2022 31.
892 1989 918 2009 ¹²
942 1987 1226 2032 perrumpemus]
1255 1989 1302 2020 cf.
1323 2000 1378 2031 ep.
1398 1989 1430 2020 d.
1450 1989 1503 2019 27.
1522 1989 1610 2020 Mai.
1630 1999 1661 2019 a.
1685 1987 1780 2018 1520.
1807 1988 1998 2028 scriptam,
2025 1996 2060 2027 p.
2078 1983 2155 2017 351.
2200 1988 2203 2010 ³
2227 2004 2232 2012 ·

444 2048 511 2069 ¹³·¹⁴
536 2048 721 2089 negotium
748 2049 845 2079 5...8.
942 2045 968 2066 ¹⁴
994 2047 1135 2078 incidet
1162 2046 1196 2077 C.
1284 2044 1310 2064 ¹5
1335 2043 1565 2087 praefatione]
1600 2045 1678 2088 {ibri
1706 2045 1747 2075 cle
1771 2045 1898 2074 unitate
1922 2045 2020 2079 eccl„
2052 2050 2154 2082 supra
2211 2053 2232 2085 Υ·-

442 2118 475 2148 p.
495 2105 571 2137 325.
589 2114 665 2144 sqq.
693 2104 854 2135 eaelzzhita.
882 2104 1051 2144 fifacione
1074 2103 1107 2133 C.
1179 2102 1298 2132 Hodie
1388 2102 1432 2132 ad
1458 2105 1494 2132 te
1520 2101 1717 2132 scriberem
1741 2102 1832 2131 omis.
1853 2101 1885 2130 4.
1957 2097 2153 2130 Ferdinan-
2210 2107 2232 2124 ¹¹

443 2159 537 2202 dum]
553 2160 711 2191 Austriae
731 2160 976 2197 archiducem,
996 2157 1199 2190 Bruxellas.
1262 2157 1288 2176 ¹⁶
1309 2158 1389 2189 .N.i.
1411 2157 1675 2188 e.Franeiseus
1689 2156 1732 2187 de
1748 2156 1961 2198 Sickingen.
2028 2152 2054 2172 ¹⁹
2066 2153 2152 2184 Bra-

443 2218 574 2249 bantia
592 2217 624 2246 4.
688 2219 749 2253 tue
767 2210 824 2247 lffi
848 2216 881 2247 C.
945 2214 1080 2245 litterae
1100 2216 1131 2244 6.
1207 2212 1236 2233 ²⁰
1260 2215 1424 2256 Mogunt.
1442 2214 1486 2244 A.
1510 2214 1544 2246 C.
1592 2213 1730 2254 Mogut.
1749 2212 1794 2243 B.
1858 2209 2041 2253 Moguntii
2058 2208 2151 2240 5...8.

442 2275 589 2315 Mogun:
619 2273 650 2304 4.
720 2270 748 2290 ²³
781 2267 884 2308 τέλος
917 2273 1010 2303 omis.
1037 2272 1135 2302 4...8.

533 2327 727 2360 Commode
765 2327 825 2358 hic
866 2327 1088 2358 subiciemus
1125 2326 1245 2358 locum
1282 2335 1387 2366 quem
1424 2325 1582 2356 Iacobus
1619 2323 1878 2356 Burckhardus
1916 2322 2014 2364 (Ms.
2049 2319 2153 2353 Guel-

442 2385 574 2426 ferbyt.
602 2384 664 2416 fol.
690 2395 724 2425 p.
750 2383 842 2424 415.)
876 2384 913 2414 in
948 2383 1051 2415 calce
1078 2382 1315 2425 epistolarum
1347 2381 1503 2412 Hutteni
1530 2380 1576 2412 ad.
1609 2380 1778 2412 Carolum
1811 2380 1925 2419 Caes.,
1961 2378 2006 2410 ad
2031 2376 2153 2409 Alber-

442 2442 542 2472 thum
574 2440 681 2471 Card.
708 2440 816 2481 Mog.,
852 2439 898 2469 ad
921 2438 1144 2471 Bilibaldum
1168 2438 1301 2479 Pyrck.
1334 2438 1553 2479 inscriptum
1585 2436 1766 2469 enotavit:
1805 2435 2040 2475 „Ludouicus
2069 2433 2154 2465 Ver-

443 2497 565 2539 gerius
593 2495 780 2527 cuiusdam
805 2488 1023 2536 οἷνωνύμου,
1053 2505 1158 2537 quem
1181 2494 1379 2536 Vergerius
1403 2493 1583 2525 Austricae
1609 2492 1758 2523 ditionis
1789 2492 1905 2523 saeris
1934 2490 2070 2522 litteris
2095 2487 2153 2520 ad·
2218 2497 2232 2520 a

443 2553 682 2584 dictissimum
720 2554 847 2591 vocat,
882 2550 1045 2582 libellum
1076 2552 1132 2582 De
1165 2554 1298 2582 natura
1339 2553 1376 2581 et
1416 2560 1482 2581 usu
1512 2552 1823 2581 sacramentorum
1855 2548 1927 2589 (an.
1957 2545 2052 2578 1559.
2091 2543 2152 2584 8⁰.)

444 2609 631 2639 dedicauit
657 2607 790 2638 Comiti
814 2607 986 2639 Palatino
1012 2607 1142 2639 Rheni.
1171 2608 1272 2638 euius
1298 2605 1415 2637 libelli
1441 2608 1569 2636 auctor
1593 2605 1719 2636 statim
1744 2605 1781 2635 in
1806 2604 1965 2635 Exordio
1998 2601 2152 2643 explica-

444 2664 492 2695 tis
518 2667 672 2705 quatuor
697 2663 883 2694 actionum
909 2664 1105 2706 generibus
1132 2673 1175 2693 ex
1199 2661 1415 2702 Aristotele,
1453 2661 1744 2702 quod-differant
1768 2661 1870 2691 hisce
1898 2658 2055 2697 caussis,
2083 2650 2151 2698 (92⁸¹-

445 2729 519 2759 σει,
546 2714 656 2761 δόξᾳ,
682 2714 856 2762 βουλήσει
874 2717 939 2750 καὶ
956 2714 1189 2760 προαιρέσει,
1224 2717 1392 2748 adfirmat
1423 2718 1625 2748 Huttenum
1650 2717 1745 2747 hunc
1772 2716 1909 2747 socium
1941 2725 1979 2746 se
2015 2720 2152 2745 caussae

444 2775 666 2806 Lutheranae
693 2775 921 2815 adiunxisse,
950 2770 1060 2817 δόξᾳ,
1086 2774 1340 2816 persuasione,
1377 2776 1413 2804 et
1444 2773 1652 2804 inconsulta
1684 2772 1901 2803 imitatione.
1956 2771 2153 2811 Argumen-

445 2834 521 2861 tum
547 2831 617 2861 fuit
643 2831 744 2870 inde,
780 2831 873 2872 quod
899 2832 1026 2863 crebro
1051 2832 1088 2862 in
1120 2840 1181 2862 ore
1206 2829 1377 2860 habuerit
1401 2829 1635 2859 temerariam
1660 2828 1755 2859 hanc
1787 2837 1929 2859 vocem:
1968 2825 2013 2856 Se
2046 2821 2152 2855 malle

448 2896 527 2916 cum
551 2887 713 2918 Luthero
740 2898 878 2927 errare,
907 2897 1014 2929 quam
1040 2897 1121 2918 cum
1144 2885 1350 2917 Pontifieiis
1375 2888 1475 2915 recte
1501 2885 1670 2915 sentire''.
